3305 4186
1046.0 408.0 416.0 136.0 ÷ certe

478.0 498.0 1930.0 143.0 ipsa producta; Nam si quis uelit perspicatius adten

485.0 596.0 1895.0 157.0 dere artis subtilitatem miabitur quia coniuga

485.0 715.0 1916.0 153.0 tionũ distinguens confusionẽ apõitione uerborũ

485.0 847.0 1877.0 126.0 traducta uerbalia nomina paucissima quidẽ et ea

485.0 976.0 1881.0 140.0 ipsa uix ineduab; aut in trib; terminationib; expri

485.0 1081.0 1867.0 157.0 ma.ex aliarũ uero conuagationũ uerb{is} multa et a

478.0 1217.0 1912.0 146.0 plurib; clausulis progenuit nomina; et ceterarũ

485.0 1349.0 1898.0 150.0 quidẽ coniugationũ presens indicatiuũ quia no

481.0 1468.0 1860.0 140.0 minũ traductiones inuerbi finalitatẽ non susci

488.0 1580.0 1881.0 160.0 pit maxime a tertia indesinenter non prohi

708.0 1547.0 404.0 176.0 puls qũa

1420.0 1573.0 202.0 66.0 in distant̃

485.0 1712.0 1902.0 150.0 buit; Prime uero coniugationis positio quia mul

474.0 1827.0 1902.0 143.0 tas nominũ suscipit abomnib; tam declinationib;

474.0 1936.0 1899.0 146.0 quam clausulis traductiones in uerbo merito de

485.0 2047.0 1860.0 189.0 se nomina non adeo concessit proferre. Secum

474.0 2148.0 1860.0 210.0 da enĩ et quarta licet interdũ a nominib; diriua

478.0 2298.0 1877.0 175.0 ta uerba suscipiunt tamen de genetiuo nominũ

485.0 2431.0 1856.0 178.0 per incrementa syllabarũ quib; utraq; coniuga

2317.0 2427.0 262.0 189.0 l+iv+do

478.0 2553.0 1832.0 174.0 tio cognoscitur. idest pereo secunda perio quar

467.0 2675.0 1885.0 171.0 ta diriuata carent huius modi confusione. un

478.0 2797.0 1863.0 164.0 de potest etiã solui questio quã quidã ex superua

2079.0 2754.0 276.0 134.0 exsuperfluo

481.0 2909.0 1857.0 167.0 cuo proponunt dubitantes ea uerba que superius

481.0 3010.0 1846.0 206.0 a singulis tã declinationib; quã finalitatib; nomi

471.0 3118.0 1888.0 216.0 nũ deriuata primae coniugationis eē monstauimꝰ

467.0 3244.0 1811.0 216.0 utrũ uerba de nominib; an nomina de uerbis ꝓ

474.0 3394.0 1846.0 178.0 creantur; Nã si de uerbis ẽent nomina ñ diuersas

1999.0 3390.0 238.0 98.0 ĩuarias

1605.0 289.0 119.0 108.0 13
