3429 4186
1040.0 488.0 1886.0 167.0 et quasi singulares ex uno fine uerborū haberent

1033.0 582.0 1833.0 167.0 clausulas. sed ut partiti piat uerbalia nomina

1037.0 690.0 1864.0 189.0 deberent eodem plura sub una eadẽq; termina

1704.0 669.0 188.0 98.0 modo

1037.0 816.0 1892.0 195.0 tiones finiri quod e contrario cernitur; nominũ enĩ

1037.0 934.0 1885.0 192.0 de uerbi positione traduectorũ absq; paucis generali

1033.0 1056.0 1872.0 178.0 bus quas superius ostendimus reliquas spetiales et

1040.0 1182.0 1896.0 188.0 tã cdausulis quam declinationib; diu{is}as et in rariorab;

1040.0 1315.0 1854.0 198.0 exemplis in uentas terminationes. uerborum uero

1026.0 1444.0 1844.0 167.0 de nominibus factorũ generales. finalitates et a du

1037.0 1559.0 1794.0 178.0 nam tantũ conuigationem pertinentes et in ex

1030.0 1698.0 1759.0 154.0 emplis innumerabilib; apparentes uidemus;

1005.0 1806.0 122.0 182.0 E

1138.0 1834.0 1760.0 147.0 xeoq; quod uniformiter et sibi congruae abom

2322.0 1820.0 220.0 74.0 commode

1033.0 1949.0 1844.0 161.0 ni terminatione nominũ plura uerba consonantib;

1026.0 2058.0 1854.0 178.0 precedentib; traducta prime solius conuigationis.

1051.0 2180.0 1861.0 160.0 syllabarum etiã genitiui rationẽ et in uerbo seruanti

1026.0 2316.0 1861.0 136.0 a manifestissime probantur uerba de nominib; eẽ

1030.0 2413.0 1857.0 164.0 traducta; ut enĩ fem̃ nomina masculinis adherenti

1019.0 2549.0 1879.0 175.0 a et ab illis gigni dicuntur ut pares eis semper habe

1030.0 2689.0 1896.0 133.0 re syllabas coguntur ut ater. atri.atra tener teneri

1030.0 2794.0 1854.0 139.0 tenera longus longi longa arduus ardui ardua.

1026.0 2898.0 1907.0 175.0 sic hęc uerba denominib; fieri dicimus. qđ genetiuo

1030.0 3024.0 1927.0 160.0 rũ syllabis positio uerbi respondet;ut sacer sacri. saecro

1030.0 3153.0 1906.0 153.0 as. liber liberi. libero as. uigil uigilis . uigilo as . semen

1033.0 3286.0 1830.0 146.0 seminis. semino as. memor memoris. memoro as.

1037.0 3408.0 1766.0 157.0 miles militis. milito as. index indicis . indico as

632.0 1754.0 195.0 164.0 VIII
