3429 4186
2175.0 505.0 91.0 88.0 esse

1005.0 491.0 1924.0 210.0 ut in urio desinentia meditatiua fore quarte facit ipsa

1096.0 610.0 1819.0 195.0 forme finalitas; et incohatiua tertię eẽ etiam que

1089.0 722.0 1840.0 202.0 in sco desinentia perfecta .si tamen non sint a nomini

1085.0 851.0 1848.0 195.0 bus quasi in possessionẽ tertiae solius cesserunt;

1044.0 962.0 1861.0 196.0 singulisq; formis diriuatiuorum singulas accipere

1071.0 1088.0 1795.0 185.0 coactis ad diferentiam sui coniuigationes; Iure me

1061.0 1213.0 1917.0 171.0 ditatiua quidẽ quartã in io terminatione meruerunt

1058.0 1336.0 1861.0 212.0 sicit in eo desinentia siue primitiua seu diriuatiua

1047.0 1479.0 1872.0 170.0 eẽsent solã coniugationẽ secundã etiã informa per

1047.0 1597.0 1886.0 185.0 fecta habent; frequentatiua uero et incoatiua ca

1044.0 1733.0 1868.0 171.0 rentres uocali ante o, primã et tertiã inuicẽ necessario

1026.0 1859.0 1917.0 150.0 sortiuntur; meritoq; utraq; forma diriuatiuo

1030.0 1960.0 1892.0 181.0 rum adeam maxime uenit coniugationẽ inqua

1033.0 2079.0 1952.0 209.0 suae finalitatis inueniebat et iã primitiua& sic alias

1033.0 2215.0 1928.0 160.0 similiter traductiones uerborũ antecedente con

1033.0 2326.0 1875.0 175.0 sonante prima sibi tantũ coniugatio ut indicat.

1023.0 2459.0 1906.0 157.0 seu a uerbis seu a nominib; ueniant; qualia s̃.

1030.0 2577.0 1955.0 175.0 in cho ł in to ł in tor ł in lo ł in lor. uel in cinor

1026.0 2706.0 1935.0 161.0 uel in do ł in cito. etiã in alias quasdã terminati

1040.0 2822.0 1879.0 157.0 ones desinentia; inquib; etiã illũ obseruandũ

1009.0 2930.0 1941.0 174.0 est qđ per earũ clausularũ incrementa deriua

2161.0 2916.0 265.0 76.0 aumenta

1012.0 3055.0 1872.0 171.0 tio uerbi solet per uenire;ut uello uellis uel

2213.0 3041.0 144.0 95.0 rũpo

1005.0 3188.0 1924.0 157.0 lico. fido is sidico. nutrio is nutrico . albus albi

2189.0 3181.0 94.0 84.0 alo

1002.0 3303.0 1973.0 157.0 albico. clanđ cladi claudico. faber fabri fabrico

991.0 3429.0 1973.0 177.0 alt̃ alterco.comunis communico. frons frondis
