3364 4186
1793.0 299.0 133.0 133.0 24

418.0 551.0 1944.0 157.0 declinatum suam. in compositione cepisse proprietatem. Primitiuũ

432.0 680.0 1954.0 153.0 enim existens tertiae debuit esse coniugatios quia in do desinentia

432.0 812.0 1920.0 150.0 uerba tunc tantum modo primę sunt coniugatonis cum a nomini

422.0 931.0 1898.0 157.0 bus diriuantur primitiua uero tertiae solius ut ante lata

432.0 1043.0 1895.0 177.0 demonstrat exempla; Quod igitur .do. cum esset monosylla

436.0 1172.0 1940.0 181.0 bum perdidit. ut non esset tertiae . sed primae coniugationis more

432.0 1304.0 1913.0 168.0 scilic& aliorum monosyllaborum; sicut .no. nas. ut. flo. as. sto. as

425.0 1433.0 1909.0 182.0 for faris.tur; do.as, Id in compositione.recipit ut ad tertiam

429.0 1548.0 1926.0 185.0 solam pertineret coniugationem ubsque duabus cõpositionib;

436.0 1660.0 1933.0 188.0 id est circum do das. pessum do das; In quibus uidentur integra ser

429.0 1803.0 1919.0 164.0 uari cum naturaliter his in unitatem non sic coheret; In dor desi

429.0 1911.0 1905.0 161.0 nenaiu prime sunt coniugationis ut uador aris praedor aris uere

439.0 2009.0 1913.0 192.0 condor aris; In go uel in gor desinentia uerbu ex antecedentib;

425.0 2117.0 1927.0 209.0 litteris dinoscuntur. A.igitur ante finalem go habentia sylla

436.0 2253.0 1936.0 213.0 bam primae sunt coniugationis ut ꝓpago as uagor aris indagor a

432.0 2386.0 1930.0 188.0 ris refragor refragaris. Notantur tertiae ago is, ut primitiuum, et ab eo;

429.0 2518.0 1954.0 181.0 composita siue seruent A.in compositione ut circumago is, seu mo

425.0 2623.0 1927.0 188.0 tent. Eͦam ut exigo is subigo is siue poenitus excludant ut dego is

432.0 2745.0 1899.0 185.0 cogo is;E. ante go praecidente tertię sunt, ut lego is dego is

436.0 2856.0 1905.0 189.0 quod etiam ab ago conpositum; Excipiuntur nego as. lego enim legas

439.0 2968.0 1878.0 199.0 primę e longam habens ad differentiam primitiui. & a nomine qđ ẽ

443.0 3087.0 1884.0 192.0 lex legis diriuqtum; lego enim legitime & iure seruans longam

429.0 3198.0 1902.0 203.0 e nominis primae ẽ coniugationis; Allego quoque & ablego & re

425.0 3317.0 1933.0 185.0 lego lic& aliud significare uidentur. eiusdem sunt coniugationis

436.0 3442.0 1964.0 210.0 ut a lego quod penultimam longam hab& diriuata sunt; Ut uirgilius
