3408 4174
946.0 542.0 1981.0 167.0 in iĩi liƀ. georgicon atq: ideo tauros ꝓcul atq: in sola relegant;pascua;

919.0 667.0 2015.0 153.0 Terrentius in andria ne a me credas adlegatum hunc senem cicero uerrina

925.0 782.0 1957.0 167.0 rum .iii. liƀ. Causam sese dimisso atque ablegato consilio defensurũ

929.0 900.0 1953.0 167.0 negunt; lucanus; Dum bella relegem extremum. scitici transcen

932.0 1026.0 1936.0 177.0 dam frigoris axem; statius adcheleidos.i.; peleus te latus. socerum.

925.0 1165.0 1929.0 167.0 & thetis hospita {iu}ngun{t}; Adlegant que suos utrosque a sanguine

925.0 1293.0 1967.0 167.0 diuos. Ouidius in hibide participium. ponit ille relegatum ad gelidos

922.0 1426.0 1970.0 153.0 aquilonis ad oras. non sinit exilio delituisse suo; .l. ante go anteceden

908.0 1547.0 1963.0 150.0 te siquidem sint ex preposition: & ago uerbu composita tunc enim ser

922.0 1666.0 1939.0 156.0 uabunt primitiui coniugationem &tertię sunt. Ut exigo subigo

925.0 1777.0 1922.0 181.0 abigo prodigo; sic &iam perugo circum ago; Carentia uero.

932.0 1899.0 1960.0 163.0 praepositionis obseruatione. breui quidem .i. antecedente. prime sunt

922.0 2020.0 2023.0 164.0 coniugationis. ut ligo as rigo as. litigo q̃q as remigo as nauigo as; lic&

925.0 2146.0 1971.0 160.0 quibusdã uidentu ab ago uerbo composita tamen quia cum nominib;

919.0 2267.0 1966.0 143.0 sunt composita; lure primam coniugationem meruerunt. longam .i.

925.0 2358.0 1974.0 167.0 ante go habentia siquidem trisyllaba.sint, primę sunt similiter. ut in

929.0 2480.0 1981.0 173.0 stigo as uestigo as. fatigo as. culigo as. disyllaba uero tertiae ut figo

925.0 2591.0 1960.0 184.0 is fligo is unde adfligo is. confligo sunt composita. O. antecedente

971.0 2702.0 1883.0 202.0 [pr]ime sun[t u]t cogo as, interrogo as; Cogo enim ab ago compositum est

932.0 2834.0 1929.0 174.0 quod ostendit & in preterito perfecto suo coegi? seruat coniugationem

936.0 2960.0 1946.0 184.0 primitiui; u. antecedente primę sunt coniug̃ ut fugo as.iugo iugas

939.0 3092.0 1950.0 174.0 coniugo as; rugor aris. quę a nominibus uenientia fuga iugũ

985.0 3220.0 1869.0 160.0 ruga rugas facta: iure sunt primae; notatur tertiae sugo is. ut

967.0 3321.0 1877.0 185.0 primitiuum; n ł r antecedentibus go nisi sint a nominibus quarcumq:

957.0 3436.0 1900.0 198.0 uocali ante posita tertie sunt omnia coniugationis, ut tango frango
