3408 4174
1072.0 525.0 1963.0 205.0 liƀ.i. refert communi sensu plane ñ caret inquimus & terrentius impe

1068.0 681.0 1957.0 171.0 ratiuum in formione; Tũ autẽ uideo filium ab sese amittere inuitum

1061.0 800.0 1974.0 187.0 inque; sequor. ris. loquor ris. liquor iss. deponens prima syllaba

1065.0 925.0 1967.0 181.0 producta, Ut uergilius in .i. liƀ. georgicon, uere nouo gelidus ca

1058.0 1053.0 1911.0 185.0 nis com montibus humor; liquitur. & zefiro putris se gleba resoluit

1051.0 1200.0 1960.0 149.0 Quamuis neutrum siue actiuum primae coniugationis inuenitur

1054.0 1307.0 1957.0 185.0 prima tamen syllaba correpta, liquo as, eliquo as. lucanus liƀ

1047.0 1436.0 1967.0 174.0 vii. excussit cristas galeis.ł scopulosque solutos; perfudit gla

1040.0 1558.0 2005.0 163.0 diis ereptaq; pila liquauit; persius; pyllidas, hypsipylas uatum

1037.0 1669.0 1967.0 177.0 aut plorabile siquid; eliquat. ac teneri supplantat uerba palato;

1040.0 1801.0 1967.0 160.0 Ouidus fastorum liƀ .iiii.: nec pigeat tritumnigro cum lacte papauer

1047.0 1923.0 1929.0 157.0 sumere et expressis mella liquata fauis; cum uero sint a nominibus

1030.0 2038.0 1935.0 177.0 tunc iure primę sunt ut equis equo as propinquus propinquo as. obli

1047.0 2160.0 1904.0 170.0 qus obliquo as. antiquus antiquo as. aquor aris uergilius inquar in ge

1044.0 2274.0 1793.0 150.0 orgicon, sed circum tute submoenibus urbis aquantur; In ro desinen

1047.0 2389.0 1877.0 150.0 tia e antecedente omnia primae sunt coniugationis libero as

1033.0 2511.0 1939.0 153.0 lacero as. desidero as. considero as. aggero as. numero as. genero as.

1037.0 2619.0 1967.0 160.0 impero as. blutero as; Horatius. sermonum liƀ.ii. magno blateras

1030.0 2737.0 2040.0 160.0 clamore. Itero as. idẽ liƀ.i. carminum. nunc retrorsum. uela dare

1040.0 2852.0 1898.0 153.0 atq: iterare cursus cogor relictos; excipiuntur pauca primitiua &

1054.0 2973.0 1936.0 167.0 quę ab eis singulis componuntur, tertiae coniugationis, ut gero is

1044.0 3095.0 1862.0 185.0 degero aggero. unde ageritur tumulo tellus in .iii. liƀ aeneidos

1065.0 3231.0 1890.0 160.0 apud uirgilium legimus ex quo uerbo nomen fit agger & ab eo

1030.0 3356.0 1942.0 153.0 uerbum deriuatum aggero as. primae est coniugationis ut idem

1051.0 3458.0 1949.0 194.0 uirgilius in liƀ .x. refert; aggerat & longo predam iub& ordine duci
