3364 4186
380.0 446.0 1773.0 220.0 uascur uouas notantur tertiae duo. uiuo is.

397.0 565.0 1797.0 223.0 unde nom̃ ẽ diriuatiuũ uiuus et lauo uis. ut

380.0 690.0 1916.0 209.0 uergilius in .x. liƀ lauit in ꝓbate terra cruor

383.0 816.0 1832.0 181.0 horatius carminũ liƀ i .łbelliaq; uelaq; flauus quẽ ti

387.0 931.0 1839.0 181.0 beris lauit. ldẽ sermonũ liƀ ora manusque tua la

394.0 1067.0 1814.0 185.0 uimus feronia limpha qđ et prime coniugatio

397.0 1193.0 1825.0 191.0 nis inuenitur iuuenalis. liƀ i . nec pueri credunt . nisi

397.0 1318.0 1843.0 202.0 quid ñdũ aere lauantur; cui: supinũ oratius in liƀ i.

397.0 1444.0 1811.0 205.0 sermonũ ꝓtulit . ast ubi me fessũ sol acrior ire la

397.0 1569.0 1801.0 196.0 uatũ admonuit .l. antecedente ante uo t̃tiae con

404.0 1691.0 1857.0 199.0 iugationis primitiua inueniuntur. soluo is caluo

408.0 1799.0 1846.0 210.0 id ÷ decipio ut apud salustiũ historiarũ liƀ iii con

415.0 1925.0 1877.0 185.0 tra ille calui ratus querere tectis ne an somnio osten

422.0 2058.0 1832.0 167.0 deretur thesaurus; In uor desinens deponens

425.0 2180.0 1829.0 174.0 unũ ẽ c̃uiuor qđ primae generali regule de

439.0 2319.0 1787.0 189.0 ponentium . seruens cum non respondens

446.0 2438.0 1843.0 209.0 suo primitiuo. iđ uiuo uiuis uł quia de nomine

446.0 2560.0 1850.0 178.0 qđ ẽ c̃uiua deruuiatur. In so desinentia . pauca

471.0 2682.0 1800.0 188.0 s̃ primae quidem coniuigationis. ut laxo.

474.0 2797.0 1769.0 175.0 luxo uexo taxo. sed t̃tiae ñ inueniunt᷑ nisi

471.0 2912.0 1793.0 182.0 pexo is. texo is. nexo is; faxo enim is. de

474.0 3024.0 1825.0 192.0 fctiuũ ẽ Nexo enim tam nexas ut ostendit

478.0 3142.0 1804.0 185.0 uirgilius participium dicens nexantẽ odis

492.0 3268.0 1748.0 174.0 quã nexis. ut accius in deiphebo nos c̃tinuo

443.0 3404.0 1835.0 185.0 ferrum eripimus omnibus manib; manicas

1778.0 197.0 148.0 172.0 30
