<alto xmlns:xsi="http://www.w3.org/2001/XMLSchema-instance" xmlns="http://www.loc.gov/standards/alto/ns-v4#" xsi:schemaLocation="http://www.loc.gov/standards/alto/ns-v4# http://www.loc.gov/standards/alto/v4/alto-4-2.xsd">
  <Description>
    <MeasurementUnit>pixel</MeasurementUnit>
    <sourceImageInformation>
      <fileName>f03r.jpg</fileName>
      
    </sourceImageInformation>
  </Description>
  
  <Tags>
    <OtherTag ID="BT3136" LABEL="MainZone" DESCRIPTION="block type MainZone"/><OtherTag ID="BT3137" LABEL="MarginTextZone" DESCRIPTION="block type MarginTextZone"/><OtherTag ID="BT3138" LABEL="NumberingZone" DESCRIPTION="block type NumberingZone"/><OtherTag ID="BT3139" LABEL="GraphicZone" DESCRIPTION="block type GraphicZone"/><OtherTag ID="BT3140" LABEL="MainZone#1" DESCRIPTION="block type MainZone#1"/><OtherTag ID="BT3141" LABEL="MainZone#2" DESCRIPTION="block type MainZone#2"/><OtherTag ID="BT3142" LABEL="MainZone#3" DESCRIPTION="block type MainZone#3"/><OtherTag ID="BT3143" LABEL="MainZone#4" DESCRIPTION="block type MainZone#4"/><OtherTag ID="BT3144" LABEL="MainZone#5" DESCRIPTION="block type MainZone#5"/><OtherTag ID="BT3146" LABEL="MarginTextZone#1" DESCRIPTION="block type MarginTextZone#1"/><OtherTag ID="BT3147" LABEL="MarginTextZone#2" DESCRIPTION="block type MarginTextZone#2"/><OtherTag ID="BT3148" LABEL="MarginTextZone#3" DESCRIPTION="block type MarginTextZone#3"/><OtherTag ID="BT3149" LABEL="MarginTextZone#4" DESCRIPTION="block type MarginTextZone#4"/><OtherTag ID="BT3150" LABEL="MarginTextZone#5" DESCRIPTION="block type MarginTextZone#5"/><OtherTag ID="BT3151" LABEL="DropCapitalZone" DESCRIPTION="block type DropCapitalZone"/><OtherTag ID="BT3274" LABEL="MusicZone" DESCRIPTION="block type MusicZone"/><OtherTag ID="BT3405" LABEL="MainZone#6" DESCRIPTION="block type MainZone#6"/><OtherTag ID="BT3606" LABEL="MainZone#7" DESCRIPTION="block type MainZone#7"/>
    <OtherTag ID="LT1135" LABEL="MusicLine" DESCRIPTION="line type MusicLine"/><OtherTag ID="LT1095" LABEL="DropCapitalLine" DESCRIPTION="line type DropCapitalLine"/><OtherTag ID="LT1094" LABEL="DefaultLine" DESCRIPTION="line type DefaultLine"/><OtherTag ID="LT1093" LABEL="InterlinearLine" DESCRIPTION="line type InterlinearLine"/><OtherTag ID="LT1096" LABEL="HeadingLine" DESCRIPTION="line type HeadingLine"/>
  </Tags>
  
  <Layout>
    <Page WIDTH="3305" HEIGHT="4186" PHYSICAL_IMG_NR="2" ID="eSc_dummypage_">
      <PrintSpace HPOS="0" VPOS="0" WIDTH="3305" HEIGHT="4186">
        
        <TextBlock HPOS="358.0" VPOS="501.0" WIDTH="2698.0" HEIGHT="3044.0" ID="eSc_textblock_4b75c3f3" TAGREFS="BT3136">
          <Shape><Polygon POINTS="358 501 358 3545 3056 3545 3053 3076 2625 1042 2436 501"/></Shape>
          
          
          <TextLine ID="eSc_line_b274cdf2" TAGREFS="LT1093" BASELINE="1440 567 1572 567" HPOS="1437.0" VPOS="516.0" WIDTH="133.0" HEIGHT="70.0">
            <Shape><Polygon POINTS="1437 565 1437 516 1570 523 1570 565 1570 579 1437 586"/></Shape>
	    <String CONTENT="conabor" HPOS="1437.0" VPOS="516.0" WIDTH="133.0" HEIGHT="70.0"/>
          </TextLine>

          
          
          <TextLine ID="eSc_line_f2003ad4" TAGREFS="LT1094" BASELINE="523 634 1769 613" HPOS="513.0" VPOS="533.0" WIDTH="1256.0" HEIGHT="140.0">
            <Shape><Polygon POINTS="523 634 513 575 582 547 586 547 589 547 917 565 942 544 942 540 945 540 949 540 952 540 1022 554 1137 537 1141 537 1245 558 1392 533 1395 533 1399 533 1402 533 1434 554 1650 537 1654 537 1762 554 1769 613 1765 634 1490 659 1486 659 1399 641 1382 638 1371 641 1329 662 1326 662 1322 662 1050 645 1005 645 991 648 896 669 893 669 774 652 729 673 725 673 722 673 520 652"/></Shape>
	    <String CONTENT="coniugationum definire temptabo." HPOS="513.0" VPOS="533.0" WIDTH="1256.0" HEIGHT="140.0"/>
          </TextLine>

          
          
          <TextLine ID="eSc_line_20df5942" TAGREFS="LT1093" BASELINE="1982 673 2292 662" HPOS="1975.0" VPOS="599.0" WIDTH="317.0" HEIGHT="84.0">
            <Shape><Polygon POINTS="1982 673 1975 610 2282 599 2292 662 2292 680 1982 683"/></Shape>
	    <String CONTENT="hoc ẽ deductiua." HPOS="1975.0" VPOS="599.0" WIDTH="317.0" HEIGHT="84.0"/>
          </TextLine>

          
          
          <TextLine ID="eSc_line_3ede2c14" TAGREFS="LT1094" BASELINE="395 933 614 926" HPOS="345" VPOS="625" WIDTH="291" HEIGHT="376">
            <Shape><Polygon POINTS="394 931 393 644 636 625 610 924 610 1001 345 966"/></Shape>
	    <String CONTENT="Q" HPOS="345" VPOS="625" WIDTH="291" HEIGHT="376"/>
          </TextLine>

          
          
          <TextLine ID="eSc_line_adb58ac4" TAGREFS="LT1094" BASELINE="614 760 2366 725" HPOS="610.0" VPOS="641.0" WIDTH="1759.0" HEIGHT="157.0">
            <Shape><Polygon POINTS="614 760 610 659 743 662 746 662 799 690 858 659 869 652 872 652 959 648 963 648 1057 648 1060 648 1085 659 1162 690 1259 690 1301 659 1305 655 1308 655 1312 655 1315 655 1319 655 1333 659 1378 669 1402 659 1434 645 1437 645 1441 645 1444 645 1472 659 1514 680 1633 659 1661 655 1664 655 1668 655 1682 659 1731 676 1779 659 1832 641 1835 641 1839 641 1842 641 1891 659 1922 673 1954 659 1971 652 1975 652 1978 652 1982 652 1999 659 2024 669 2355 662 2366 725 2369 746 2320 770 2317 770 2313 770 2310 770 2244 753 2191 774 2188 774 2184 774 1971 760 1926 756 1699 760 1692 767 1668 784 1664 784 1661 784 1127 791 1123 791 1067 784 959 774 614 798"/></Shape>
	    <String CONTENT="uod inchoatiua quidẽ quȩ sẽper diriuatiua sunt" HPOS="610.0" VPOS="641.0" WIDTH="1759.0" HEIGHT="157.0"/>
          </TextLine>

          
          
          <TextLine ID="eSc_line_e9510a3e" TAGREFS="LT1094" BASELINE="631 865 1291 879 2334 847" HPOS="624.0" VPOS="753.0" WIDTH="1710.0" HEIGHT="153.0">
            <Shape><Polygon POINTS="631 865 624 791 729 774 732 774 736 774 739 774 757 788 771 798 785 788 806 774 809 774 813 774 1008 770 1012 770 1015 770 1019 770 1019 774 1029 784 1036 791 1217 798 1252 781 1270 767 1273 767 1277 767 1280 767 1284 767 1287 767 1301 777 1326 798 1490 798 1518 774 1521 770 1525 770 1528 770 1532 770 1573 774 1706 791 1738 770 1755 756 1758 756 1762 756 1765 756 1769 756 1772 756 1790 770 1804 781 1832 770 1860 760 1863 760 1867 760 1870 760 1898 770 1954 788 2003 767 2038 753 2041 753 2045 753 2048 753 2097 767 2167 784 2191 763 2205 753 2209 753 2212 753 2216 753 2219 753 2223 753 2223 756 2233 763 2247 777 2324 763 2334 847 2334 872 1074 906 1071 906 628 889"/></Shape>
	    <String CONTENT="nec a uerbis tantũ modo sed etiã a nominib: diri" HPOS="624.0" VPOS="753.0" WIDTH="1710.0" HEIGHT="153.0"/>
          </TextLine>

          
          
          <TextLine ID="eSc_line_e25fc50b" TAGREFS="LT1093" BASELINE="1867 910 2090 899" HPOS="1860.0" VPOS="851.0" WIDTH="230.0" HEIGHT="69.0">
            <Shape><Polygon POINTS="1867 910 1860 854 2080 851 2090 899 2087 920 1863 917"/></Shape>
	    <String CONTENT="c̃iugaciones" HPOS="1860.0" VPOS="851.0" WIDTH="230.0" HEIGHT="69.0"/>
          </TextLine>

          
          
          <TextLine ID="eSc_line_a3513fcb" TAGREFS="LT1094" BASELINE="544 976 1368 987 2331 955" HPOS="537.0" VPOS="868.0" WIDTH="1794.0" HEIGHT="154.0">
            <Shape><Polygon POINTS="544 976 537 920 750 896 753 896 837 910 844 910 851 910 921 886 924 886 928 886 1012 906 1053 913 1155 899 1273 886 1277 886 1385 893 1542 906 1573 889 1594 875 1598 875 1601 875 1605 875 1608 875 1650 886 1710 903 1786 882 1825 872 1828 872 1832 872 1835 872 1856 879 1902 903 2076 903 2320 868 2331 955 2327 990 1668 990 1608 1004 1580 1011 1577 1011 1573 1011 1535 1004 1483 997 1179 1011 1026 1018 1022 1018 998 1015 914 1001 792 1018 760 1022 757 1022 729 1018 600 1004 547 1022"/></Shape>
	    <String CONTENT="uantur et in sco solũ desinunt et unius tantũ modo s̃" HPOS="537.0" VPOS="868.0" WIDTH="1794.0" HEIGHT="154.0"/>
          </TextLine>

          
          
          <TextLine ID="eSc_line_4717f97e" TAGREFS="LT1093" BASELINE="834 1060 1172 1049" HPOS="827.0" VPOS="983.0" WIDTH="345.0" HEIGHT="91.0">
            <Shape><Polygon POINTS="834 1060 827 1004 1162 983 1172 1049 1172 1070 834 1074"/></Shape>
	    <String CONTENT="recte scribentib:" HPOS="827.0" VPOS="983.0" WIDTH="345.0" HEIGHT="91.0"/>
          </TextLine>

          
          
          <TextLine ID="eSc_line_a3857060" TAGREFS="LT1093" BASELINE="1577 1032 1797 1022" HPOS="1570.0" VPOS="973.0" WIDTH="227.0" HEIGHT="73.0">
            <Shape><Polygon POINTS="1577 1032 1570 990 1786 973 1797 1022 1797 1039 1577 1046"/></Shape>
	    <String CONTENT="c̃cordantib:" HPOS="1570.0" VPOS="973.0" WIDTH="227.0" HEIGHT="73.0"/>
          </TextLine>

          
          
          <TextLine ID="eSc_line_d4f8b033" TAGREFS="LT1094" BASELINE="523 1098 1256 1116 1479 1095 2359 1074" HPOS="520.0" VPOS="997.0" WIDTH="1839.0" HEIGHT="150.0">
            <Shape><Polygon POINTS="523 1098 520 1011 687 1036 729 1011 732 1008 736 1008 739 1008 743 1008 746 1008 750 1008 750 1011 753 1011 785 1039 1197 1039 1231 1015 1242 1004 1245 1004 1249 1004 1252 1004 1256 1004 1259 1004 1259 1008 1266 1015 1280 1025 1333 1015 1382 1004 1385 1004 1451 1015 1563 1032 1727 1015 1909 997 1912 997 2191 1018 2219 1018 2226 1018 2310 997 2313 997 2317 997 2320 997 2324 997 2359 1018 2359 1074 2355 1102 2268 1123 2264 1123 1957 1105 1912 1105 1877 1105 1570 1137 1566 1137 1563 1137 1504 1119 1451 1140 1448 1140 1444 1140 1441 1140 1437 1140 1413 1123 1385 1144 1382 1144 1378 1144 1375 1144 1214 1123 1186 1144 1183 1144 1179 1144 980 1147 977 1147 520 1116"/></Shape>
	    <String CONTENT="omnib: orthographis in hoc conentientib: tertiae" HPOS="520.0" VPOS="997.0" WIDTH="1839.0" HEIGHT="150.0"/>
          </TextLine>

          
          
          <TextLine ID="eSc_line_60e2ce9f" TAGREFS="LT1093" BASELINE="1179 1151 1315 1147" HPOS="1172.0" VPOS="1098.0" WIDTH="143.0" HEIGHT="63.0">
            <Shape><Polygon POINTS="1179 1151 1172 1105 1305 1098 1315 1147 1312 1158 1179 1161"/></Shape>
	    <String CONTENT="fadt᷑ dr̃" HPOS="1172.0" VPOS="1098.0" WIDTH="143.0" HEIGHT="63.0"/>
          </TextLine>

          
          
          <TextLine ID="eSc_line_8d3b6738" TAGREFS="LT1093" BASELINE="1758 1147 2137 1147" HPOS="1755.0" VPOS="1098.0" WIDTH="380.0" HEIGHT="143.0">
            <Shape><Polygon POINTS="1755 1144 1755 1098 2135 1098 2135 1144 1758 1156 1755 1241"/></Shape>
	    <String CONTENT="ualde timere incipio" HPOS="1755.0" VPOS="1098.0" WIDTH="380.0" HEIGHT="143.0"/>
          </TextLine>

          
          
          <TextLine ID="eSc_line_e373482e" TAGREFS="LT1093" BASELINE="2176 1147 2280 1147" HPOS="2174.0" VPOS="1074.0" WIDTH="104.0" HEIGHT="153.0">
            <Shape><Polygon POINTS="2174 1144 2174 1074 2278 1095 2278 1144 2278 1217 2174 1227"/></Shape>
	    <String CONTENT="deficio" HPOS="2174.0" VPOS="1074.0" WIDTH="104.0" HEIGHT="153.0"/>
          </TextLine>

          
          
          <TextLine ID="eSc_line_ea4f6f03" TAGREFS="LT1094" BASELINE="513 1231 2435 1199" HPOS="509.0" VPOS="1116.0" WIDTH="1926.0" HEIGHT="153.0">
            <Shape><Polygon POINTS="513 1231 509 1158 1081 1158 1099 1151 1144 1133 1148 1133 1151 1133 1322 1133 1326 1133 1329 1133 1347 1147 1350 1151 1354 1147 1375 1130 1378 1130 1382 1130 1385 1130 1511 1144 1535 1147 1542 1144 1573 1130 1577 1130 1580 1130 2177 1137 2209 1137 2212 1137 2320 1116 2324 1116 2429 1137 2435 1199 2432 1217 2341 1238 2338 1238 2334 1238 2285 1220 2275 1220 2184 1224 2107 1227 2059 1252 2055 1252 2052 1252 2048 1252 1999 1227 1996 1227 1954 1255 1950 1255 1947 1255 1943 1255 1825 1234 1793 1227 1765 1234 1692 1255 1689 1255 1685 1255 1476 1241 1368 1234 1256 1245 1057 1269 1053 1269 509 1262"/></Shape>
	    <String CONTENT="coniugationis : ut ÷ ebesco . calesco . pertimesco . euanesco." HPOS="509.0" VPOS="1116.0" WIDTH="1926.0" HEIGHT="153.0"/>
          </TextLine>

          
          
          <TextLine ID="eSc_line_d024f00c" TAGREFS="LT1093" BASELINE="1193 1280 1469 1273" HPOS="1179.0" VPOS="1199.0" WIDTH="286.0" HEIGHT="95.0">
            <Shape><Polygon POINTS="1190 1276 1179 1224 1340 1199 1343 1199 1458 1217 1465 1269 1462 1290 1190 1294"/></Shape>
	    <String CONTENT="aperire incipio" HPOS="1179.0" VPOS="1199.0" WIDTH="286.0" HEIGHT="95.0"/>
          </TextLine>

          
          
          <TextLine ID="eSc_line_383c3297" TAGREFS="LT1093" BASELINE="1524 1278 1757 1271" HPOS="1511.0" VPOS="1213.0" WIDTH="244.0" HEIGHT="147.0">
            <Shape><Polygon POINTS="1521 1276 1511 1224 1744 1213 1755 1269 1518 1283 1518 1360"/></Shape>
	    <String CONTENT="notꝰ fieri iñpio" HPOS="1511.0" VPOS="1213.0" WIDTH="244.0" HEIGHT="147.0"/>
          </TextLine>

          
          
          <TextLine ID="eSc_line_36759e4e" TAGREFS="LT1093" BASELINE="2096 1271 2207 1269" HPOS="2087.0" VPOS="1213.0" WIDTH="118.0" HEIGHT="136.0">
            <Shape><Polygon POINTS="2093 1269 2087 1213 2198 1213 2205 1266 2202 1349 2191 1279"/></Shape>
	    <String CONTENT="ruere" HPOS="2087.0" VPOS="1213.0" WIDTH="118.0" HEIGHT="136.0"/>
          </TextLine>

          
          
          <TextLine ID="eSc_line_9a26d0d4" TAGREFS="LT1094" BASELINE="516 1356 2362 1318" HPOS="509.0" VPOS="1227.0" WIDTH="1853.0" HEIGHT="168.0">
            <Shape><Polygon POINTS="516 1356 509 1283 827 1283 834 1273 848 1262 851 1262 855 1262 858 1262 907 1273 924 1276 931 1273 949 1255 952 1255 956 1255 959 1255 1427 1262 1640 1262 1731 1262 1738 1255 1751 1241 1751 1238 1755 1238 1758 1238 1762 1238 1765 1238 1818 1252 1846 1259 1860 1252 1877 1238 1881 1238 1884 1238 1888 1238 1999 1248 2020 1248 2041 1248 2258 1274 2188 1227 2191 1227 2223 1241 2223 1245 2226 1241 2247 1227 2251 1227 2254 1227 2258 1227 2355 1241 2362 1318 2362 1336 1856 1343 1853 1370 1535 1360 1434 1377 1430 1377 1427 1377 1354 1360 1186 1384 1183 1384 1050 1367 785 1391 781 1391 617 1377 589 1395 586 1395 582 1395 579 1395 575 1395 509 1374"/></Shape>
	    <String CONTENT="torresco. horresco. patesco. notesco. feruesco. labasco." HPOS="509.0" VPOS="1227.0" WIDTH="1853.0" HEIGHT="168.0"/>
          </TextLine>

          
          
          <TextLine ID="eSc_line_861015b6" TAGREFS="LT1094" BASELINE="509 1486 2366 1458" HPOS="502.0" VPOS="1356.0" WIDTH="1864.0" HEIGHT="168.0">
            <Shape><Polygon POINTS="509 1486 502 1412 572 1412 572 1409 596 1388 596 1384 600 1384 603 1384 607 1384 701 1405 725 1409 764 1402 869 1384 872 1384 980 1395 1036 1402 1064 1395 1109 1377 1113 1377 1116 1377 1120 1377 1158 1391 1190 1402 1483 1398 1511 1381 1518 1374 1521 1374 1525 1374 1528 1374 1532 1374 1535 1374 1542 1381 1570 1395 1675 1374 1689 1374 1692 1374 1703 1374 1797 1391 1832 1370 1835 1367 1839 1367 1842 1367 1846 1367 1943 1367 2017 1370 2020 1370 2024 1370 2024 1374 2041 1388 2111 1363 2118 1360 2121 1360 2355 1356 2366 1458 2362 1496 2017 1479 1849 1499 1776 1506 1772 1506 1769 1506 1765 1506 1765 1503 1758 1499 1744 1482 1703 1499 1671 1510 1668 1510 1664 1510 1573 1499 1490 1489 1420 1499 1333 1513 1329 1513 1326 1513 1322 1513 1322 1510 1308 1499 1305 1496 1270 1499 1183 1510 1179 1510 1071 1499 984 1493 952 1499 896 1517 893 1517 889 1517 886 1517 882 1517 855 1499 848 1496 757 1499 753 1499 732 1520 732 1524 729 1524 725 1524 722 1524 506 1499"/></Shape>
	    <String CONTENT="tremesco. dormisco. uesperasco. purpurasco. in ueteras" HPOS="502.0" VPOS="1356.0" WIDTH="1864.0" HEIGHT="168.0"/>
          </TextLine>

          
          
          <TextLine ID="eSc_line_edf7907c" TAGREFS="LT1093" BASELINE="1259 1534 1347 1531" HPOS="1252.0" VPOS="1486.0" WIDTH="95.0" HEIGHT="69.0">
            <Shape><Polygon POINTS="1259 1534 1252 1489 1336 1486 1347 1531 1347 1548 1259 1555"/></Shape>
	    <String CONTENT="cresco" HPOS="1252.0" VPOS="1486.0" WIDTH="95.0" HEIGHT="69.0"/>
          </TextLine>

          
          
          <TextLine ID="eSc_line_512098b0" TAGREFS="LT1094" BASELINE="506 1594 1322 1601 2401 1576" HPOS="502.0" VPOS="1493.0" WIDTH="1899.0" HEIGHT="139.0">
            <Shape><Polygon POINTS="506 1594 502 1517 1657 1524 1671 1517 1678 1506 1682 1506 1685 1506 1689 1506 1769 1517 1821 1520 1835 1517 1884 1496 1888 1496 2041 1493 2045 1493 2394 1517 2401 1576 2397 1618 2191 1622 2188 1622 2184 1622 2181 1622 2181 1618 2160 1601 2097 1601 2059 1622 2055 1625 2052 1625 2048 1625 2045 1625 1992 1622 1772 1604 1748 1625 1744 1625 1744 1629 1741 1629 1738 1629 1734 1629 1685 1625 1553 1608 1469 1625 1430 1632 1427 1632 1242 1625 914 1615 506 1629"/></Shape>
	    <String CONTENT="co . senisco . iuuenisco . glisco : quomodo meditatiua in urio" HPOS="502.0" VPOS="1493.0" WIDTH="1899.0" HEIGHT="139.0"/>
          </TextLine>

          
          
          <TextLine ID="eSc_line_fa9f2ff6" TAGREFS="LT1094" BASELINE="513 1705 1277 1719 2331 1695" HPOS="502.0" VPOS="1604.0" WIDTH="1829.0" HEIGHT="147.0">
            <Shape><Polygon POINTS="513 1705 502 1639 551 1618 554 1618 558 1618 823 1618 827 1618 830 1618 844 1632 869 1649 1019 1632 1022 1632 1444 1643 1476 1622 1490 1611 1493 1611 1497 1611 1500 1611 1594 1618 1699 1629 1769 1615 1800 1611 1804 1611 1807 1611 1821 1615 1888 1639 1950 1622 1954 1622 1957 1622 2038 1639 2132 1611 2153 1604 2156 1604 2160 1604 2191 1608 2258 1622 2317 1608 2331 1695 2320 1740 2237 1719 2100 1719 2073 1740 2069 1744 2066 1744 2062 1744 2059 1744 2020 1740 1874 1723 1532 1740 1263 1751 1259 1751 509 1733"/></Shape>
	    <String CONTENT="solũ desinunt et quarte tantũ modo sunt coniugationis :" HPOS="502.0" VPOS="1604.0" WIDTH="1829.0" HEIGHT="147.0"/>
          </TextLine>

          
          
          <TextLine ID="eSc_line_4db03a3c" TAGREFS="LT1093" BASELINE="1312 1786 1606 1783" HPOS="1305.0" VPOS="1716.0" WIDTH="300.0" HEIGHT="139.0">
            <Shape><Polygon POINTS="1308 1782 1305 1726 1601 1716 1605 1782 1605 1852 1308 1855"/></Shape>
	    <String CONTENT="mingere meditor" HPOS="1305.0" VPOS="1716.0" WIDTH="300.0" HEIGHT="139.0"/>
          </TextLine>

          
          
          <TextLine ID="eSc_line_1f4f7f9c" TAGREFS="LT1093" BASELINE="1679 1777 1863 1758" HPOS="1668.0" VPOS="1698.0" WIDTH="192.0" HEIGHT="185.0">
            <Shape><Polygon POINTS="1678 1775 1668 1712 1849 1698 1860 1754 1855 1779 1695 1798 1680 1792 1738 1883 1678 1859"/></Shape>
	    <String CONTENT="manducare" HPOS="1668.0" VPOS="1698.0" WIDTH="192.0" HEIGHT="185.0"/>
          </TextLine>

          
          
          <TextLine ID="eSc_line_85bb421e" TAGREFS="LT1094" BASELINE="506 1841 1601 1834 2366 1806" HPOS="495.0" VPOS="1733.0" WIDTH="1871.0" HEIGHT="136.0">
            <Shape><Polygon POINTS="506 1841 495 1779 656 1761 659 1761 663 1761 666 1761 677 1772 687 1779 785 1772 851 1765 855 1765 858 1765 869 1768 907 1782 921 1768 931 1758 931 1754 935 1754 938 1754 942 1754 945 1754 984 1765 1036 1779 1797 1751 1800 1751 1804 1751 1807 1751 1821 1765 1856 1744 1863 1740 1867 1740 1870 1740 1905 1744 2076 1761 2355 1733 2366 1806 2366 1827 1790 1859 1786 1859 1675 1841 1493 1862 1490 1862 1211 1848 1127 1869 1123 1869 1120 1869 502 1855"/></Shape>
	    <String CONTENT="ut lecturio. dicturio. micturio. esurio : frequentatiua uͦ" HPOS="495.0" VPOS="1733.0" WIDTH="1871.0" HEIGHT="136.0"/>
          </TextLine>

          
          
          <TextLine ID="eSc_line_26262dc8" TAGREFS="LT1094" BASELINE="506 1960 2317 1918" HPOS="499.0" VPOS="1848.0" WIDTH="1818.0" HEIGHT="147.0">
            <Shape><Polygon POINTS="506 1960 499 1901 649 1869 652 1869 746 1887 872 1866 875 1866 879 1866 949 1887 966 1869 970 1869 973 1869 977 1869 1427 1873 1465 1873 1472 1873 1580 1848 1584 1848 2310 1852 2317 1918 2317 1936 2013 1974 2010 1974 1888 1949 1877 1949 1870 1953 1846 1974 1842 1974 1839 1974 1835 1974 1661 1960 1622 1956 1612 1960 1563 1984 1560 1984 1556 1984 1350 1970 1263 1963 506 1995"/></Shape>
	    <String CONTENT="quȩ similit̃ inchoatiuis. et meditatiuis diriuatiua sunt." HPOS="499.0" VPOS="1848.0" WIDTH="1818.0" HEIGHT="147.0"/>
          </TextLine>

          
          
          <TextLine ID="eSc_line_483dbb6a" TAGREFS="LT1093" BASELINE="996 2027 1183 2008" HPOS="984.0" VPOS="1946.0" WIDTH="199.0" HEIGHT="129.0">
            <Shape><Polygon POINTS="994 2026 984 1953 1169 1946 1179 2005 1183 2065 998 2075"/></Shape>
	    <String CONTENT="antecedente" HPOS="984.0" VPOS="1946.0" WIDTH="199.0" HEIGHT="129.0"/>
          </TextLine>

          
          
          <TextLine ID="eSc_line_27d1f96c" TAGREFS="LT1094" BASELINE="509 2072 2362 2047" HPOS="502.0" VPOS="1953.0" WIDTH="1860.0" HEIGHT="150.0">
            <Shape><Polygon POINTS="509 2072 502 2009 956 2002 1029 1967 1033 1967 1036 1967 1183 1967 1186 1967 1190 1967 1228 1995 1375 1974 1378 1974 1382 1974 1385 1974 1413 1991 1566 1974 1570 1974 1703 1988 1731 1963 1731 1960 1734 1960 1738 1960 1741 1960 1905 1984 2048 1956 2052 1956 2114 1970 2132 1956 2132 1953 2135 1953 2139 1953 2142 1953 2355 1981 2362 2047 2362 2058 2271 2086 2268 2086 2264 2086 2261 2086 2191 2061 2188 2061 2181 2061 2087 2082 2083 2082 1915 2065 1891 2065 1888 2065 1832 2093 1828 2093 1825 2093 1654 2089 1650 2089 1647 2089 1619 2072 1615 2068 1598 2072 1476 2093 1472 2093 1469 2093 1402 2075 1392 2072 1109 2072 1099 2079 1040 2103 1036 2103 1033 2103 506 2086"/></Shape>
	    <String CONTENT="in ito uel in to p̃cedente consonante. uel in so. uel etiã in xo." HPOS="502.0" VPOS="1953.0" WIDTH="1860.0" HEIGHT="150.0"/>
          </TextLine>

          
          
          <TextLine ID="eSc_line_65de9a4b" TAGREFS="LT1093" BASELINE="2160 2110 2449 2096" HPOS="2156.0" VPOS="2019.0" WIDTH="293.0" HEIGHT="122.0">
            <Shape><Polygon POINTS="2160 2110 2156 2040 2223 2054 2303 2037 2373 2019 2376 2019 2442 2033 2449 2096 2446 2113 2160 2141"/></Shape>
	    <String CONTENT="frequent̃ lego" HPOS="2156.0" VPOS="2019.0" WIDTH="293.0" HEIGHT="122.0"/>
          </TextLine>

          
          
          <TextLine ID="eSc_line_603d7375" TAGREFS="LT1094" BASELINE="502 2176 2383 2169" HPOS="488.0" VPOS="2079.0" WIDTH="1895.0" HEIGHT="132.0">
            <Shape><Polygon POINTS="502 2176 488 2103 540 2082 544 2082 547 2082 551 2082 631 2103 649 2106 663 2103 704 2086 708 2086 711 2086 715 2086 718 2086 743 2103 757 2103 862 2086 865 2086 1040 2103 1064 2103 1071 2103 1123 2082 1127 2082 1130 2082 1465 2096 1497 2079 1500 2079 1504 2079 1507 2079 1511 2079 1556 2103 1560 2106 1710 2106 1717 2103 1765 2079 1769 2079 1772 2079 1776 2079 1818 2103 1825 2106 2031 2106 2038 2103 2104 2079 2107 2079 2111 2079 2114 2079 2163 2103 2167 2103 2373 2103 2383 2169 2383 2180 2313 2204 2310 2204 2310 2208 2055 2208 2052 2204 2048 2204 2045 2204 2045 2201 2027 2187 2024 2183 1971 2187 1790 2204 1786 2204 1399 2197 914 2187 886 2204 886 2208 882 2208 879 2208 875 2208 851 2204 718 2187 670 2204 666 2204 663 2204 547 2190 506 2211"/></Shape>
	    <String CONTENT="desinunt : et primae s̃ tantũmodo coniugationis. ut lectito" HPOS="488.0" VPOS="2079.0" WIDTH="1895.0" HEIGHT="132.0"/>
          </TextLine>

          
          
          <TextLine ID="eSc_line_4e3377f1" TAGREFS="LT1093" BASELINE="558 2242 740 2246" HPOS="551.0" VPOS="2187.0" WIDTH="188.0" HEIGHT="76.0">
            <Shape><Polygon POINTS="554 2239 554 2187 739 2190 739 2242 736 2260 551 2263"/></Shape>
	    <String CONTENT="frequent̃ dico" HPOS="551.0" VPOS="2187.0" WIDTH="188.0" HEIGHT="76.0"/>
          </TextLine>

          
          
          <TextLine ID="eSc_line_266cceea" TAGREFS="LT1093" BASELINE="775 2255 994 2249" HPOS="771.0" VPOS="2166.0" WIDTH="220.0" HEIGHT="104.0">
            <Shape><Polygon POINTS="774 2253 771 2166 841 2187 980 2173 991 2246 991 2263 774 2270"/></Shape>
	    <String CONTENT="frequent̃ cano" HPOS="771.0" VPOS="2166.0" WIDTH="220.0" HEIGHT="104.0"/>
          </TextLine>

          
          
          <TextLine ID="eSc_line_ec60550d" TAGREFS="LT1093" BASELINE="1029 2262 1290 2258" HPOS="1019.0" VPOS="2183.0" WIDTH="268.0" HEIGHT="164.0">
            <Shape><Polygon POINTS="1026 2260 1019 2183 1280 2187 1287 2256 1023 2274 1026 2347"/></Shape>
	    <String CONTENT="frequent̃ curso" HPOS="1019.0" VPOS="2183.0" WIDTH="268.0" HEIGHT="164.0"/>
          </TextLine>

          
          
          <TextLine ID="eSc_line_0f47f771" TAGREFS="LT1093" BASELINE="1307 2255 1529 2249" HPOS="1298.0" VPOS="2190.0" WIDTH="230.0" HEIGHT="140.0">
            <Shape><Polygon POINTS="1305 2253 1298 2190 1521 2194 1528 2246 1525 2330 1521 2253"/></Shape>
	    <String CONTENT="frequent̃ uideo" HPOS="1298.0" VPOS="2190.0" WIDTH="230.0" HEIGHT="140.0"/>
          </TextLine>

          
          
          <TextLine ID="eSc_line_b577b876" TAGREFS="LT1093" BASELINE="1898 2249 2251 2232" HPOS="1888.0" VPOS="2173.0" WIDTH="363.0" HEIGHT="90.0">
            <Shape><Polygon POINTS="1898 2249 1888 2180 2240 2173 2251 2232 2251 2253 1898 2263"/></Shape>
	    <String CONTENT="frequent̃ mergo." HPOS="1888.0" VPOS="2173.0" WIDTH="363.0" HEIGHT="90.0"/>
          </TextLine>

          
          
          <TextLine ID="eSc_line_a9d03a7b" TAGREFS="LT1094" BASELINE="509 2305 1252 2310 1539 2312 2362 2288" HPOS="492.0" VPOS="2183.0" WIDTH="1867.0" HEIGHT="171.0">
            <Shape><Polygon POINTS="506 2302 492 2246 537 2211 540 2211 544 2211 547 2211 551 2211 638 2242 642 2242 966 2242 973 2232 1012 2258 1012 2194 1015 2194 1019 2194 1102 2190 1106 2190 1312 2190 1315 2190 1319 2190 1368 2222 1395 2236 1703 2236 1758 2208 1800 2190 1804 2190 1807 2190 1811 2190 1814 2190 1835 2208 1846 2215 1874 2204 1943 2183 1947 2183 1950 2183 2240 2183 2244 2183 2268 2194 2310 2215 2341 2190 2359 2284 2359 2309 2310 2330 2306 2330 2303 2330 2114 2316 2038 2344 2034 2344 2034 2347 1905 2347 1902 2344 1898 2344 1895 2344 1860 2319 1825 2344 1821 2344 1818 2344 1814 2344 1675 2323 1640 2347 1636 2347 1633 2347 1629 2347 1193 2326 1176 2326 1120 2354 1116 2354 1113 2354 1109 2354 1050 2337 1008 2354 1005 2354 1001 2354 998 2354 945 2330 506 2333"/></Shape>
	    <String CONTENT="dictito. cantito. cursito . uisito : canto. dicto . merso . curo." HPOS="492.0" VPOS="2183.0" WIDTH="1867.0" HEIGHT="171.0"/>
          </TextLine>

          
          
          <TextLine ID="eSc_line_5b08ad91" TAGREFS="LT1093" BASELINE="513 2379 750 2375" HPOS="502.0" VPOS="2305.0" WIDTH="244.0" HEIGHT="91.0">
            <Shape><Polygon POINTS="509 2375 502 2305 739 2309 746 2372 746 2392 509 2396"/></Shape>
	    <String CONTENT="frequent̃ necto" HPOS="502.0" VPOS="2305.0" WIDTH="244.0" HEIGHT="91.0"/>
          </TextLine>

          
          
          <TextLine ID="eSc_line_649580e4" TAGREFS="LT1093" BASELINE="774 2383 989 2371" HPOS="764.0" VPOS="2309.0" WIDTH="233.0" HEIGHT="132.0">
            <Shape><Polygon POINTS="771 2382 764 2309 980 2309 987 2368 987 2441 997 2379"/></Shape>
	    <String CONTENT="desidero uidere" HPOS="764.0" VPOS="2309.0" WIDTH="233.0" HEIGHT="132.0"/>
          </TextLine>

          
          
          <TextLine ID="eSc_line_9d4a8257" TAGREFS="LT1093" BASELINE="1102 2365 1392 2365" HPOS="1099.0" VPOS="2305.0" WIDTH="293.0" HEIGHT="74.0">
            <Shape><Polygon POINTS="1102 2365 1099 2316 1389 2305 1392 2365 1389 2379 1099 2375"/></Shape>
	    <String CONTENT="s uerbu" HPOS="1099.0" VPOS="2305.0" WIDTH="293.0" HEIGHT="74.0"/>
          </TextLine>

          
          
          <TextLine ID="eSc_line_d3e38cb5" TAGREFS="LT1094" BASELINE="520 2434 2404 2396" HPOS="513.0" VPOS="2319.0" WIDTH="1891.0" HEIGHT="143.0">
            <Shape><Polygon POINTS="520 2434 513 2372 1005 2368 1019 2354 1040 2340 1043 2340 1046 2340 1050 2340 1224 2351 1361 2358 1378 2347 1392 2333 1395 2333 1399 2333 1402 2333 1546 2340 1710 2351 1755 2337 1783 2326 1786 2326 1790 2326 1793 2326 1818 2333 1853 2347 1870 2333 1877 2326 1877 2323 1881 2323 1884 2323 1888 2323 1940 2330 2017 2344 2041 2326 2048 2319 2052 2319 2055 2319 2059 2319 2397 2319 2404 2396 2404 2413 2205 2438 2202 2438 2080 2427 2062 2441 2062 2445 2059 2445 2055 2445 2052 2445 1933 2431 1891 2448 1888 2448 1884 2448 1724 2431 1703 2448 1699 2448 1696 2448 1692 2448 1608 2434 1584 2452 1580 2452 1577 2452 1573 2452 1273 2445 1204 2462 1200 2462 1197 2462 516 2452"/></Shape>
	    <String CONTENT="nexo. uiso enĩ uisis qđ et uirgilius fert aeneidos in libro" HPOS="513.0" VPOS="2319.0" WIDTH="1891.0" HEIGHT="143.0"/>
          </TextLine>

          
          
          <TextLine ID="eSc_line_d0901d30" TAGREFS="LT1093" BASELINE="1008 2501 1434 2487" HPOS="1005.0" VPOS="2441.0" WIDTH="429.0" HEIGHT="74.0">
            <Shape><Polygon POINTS="1008 2501 1005 2441 1427 2441 1434 2487 1434 2497 1008 2515"/></Shape>
	    <String CONTENT="desideratas aras uidere" HPOS="1005.0" VPOS="2441.0" WIDTH="429.0" HEIGHT="74.0"/>
          </TextLine>

          
          
          <TextLine ID="eSc_line_7db3dcaa" TAGREFS="LT1093" BASELINE="1671 2483 1874 2473" HPOS="1657.0" VPOS="2406.0" WIDTH="217.0" HEIGHT="91.0">
            <Shape><Polygon POINTS="1671 2483 1657 2434 1724 2406 1727 2406 1731 2406 1867 2424 1874 2473 1874 2483 1671 2497"/></Shape>
	    <String CONTENT="s libro" HPOS="1657.0" VPOS="2406.0" WIDTH="217.0" HEIGHT="91.0"/>
          </TextLine>

          
          
          <TextLine ID="eSc_line_306721a7" TAGREFS="LT1093" BASELINE="2024 2469 2348 2455" HPOS="2017.0" VPOS="2392.0" WIDTH="331.0" HEIGHT="84.0">
            <Shape><Polygon POINTS="2024 2469 2017 2417 2338 2392 2348 2455 2348 2469 2024 2476"/></Shape>
	    <String CONTENT="allidos frigidos" HPOS="2017.0" VPOS="2392.0" WIDTH="331.0" HEIGHT="84.0"/>
          </TextLine>

          
          
          <TextLine ID="eSc_line_07b4fbb4" TAGREFS="LT1094" BASELINE="509 2556 1416 2553 2348 2522" HPOS="502.0" VPOS="2441.0" WIDTH="1846.0" HEIGHT="157.0">
            <Shape><Polygon POINTS="509 2556 502 2469 1043 2487 1580 2480 1626 2452 1629 2448 1633 2448 1636 2448 1640 2448 1661 2452 1748 2473 1842 2448 1867 2445 1996 2441 1999 2441 2003 2441 2006 2441 2013 2448 2045 2466 2338 2445 2348 2522 2348 2539 2153 2542 2146 2546 2104 2570 2100 2570 2097 2570 1860 2556 1783 2553 1769 2560 1731 2577 1727 2577 1724 2577 1720 2577 1678 2563 1657 2556 1570 2567 1402 2584 1399 2584 1193 2577 956 2570 792 2591 750 2595 746 2595 743 2595 739 2595 739 2591 718 2574 509 2598"/></Shape>
	    <String CONTENT="VIII has forte inuisitis aras : et in eodẽ protinus gelidos ar" HPOS="502.0" VPOS="2441.0" WIDTH="1846.0" HEIGHT="157.0"/>
          </TextLine>

          
          
          <TextLine ID="eSc_line_c7103259" TAGREFS="LT1094" BASELINE="513 2686 2362 2637" HPOS="499.0" VPOS="2553.0" WIDTH="1863.0" HEIGHT="153.0">
            <Shape><Polygon POINTS="513 2686 499 2619 540 2588 544 2588 547 2588 551 2588 680 2588 684 2588 687 2588 711 2609 799 2584 802 2584 806 2584 809 2584 886 2605 917 2577 921 2577 924 2577 1312 2567 1315 2567 1319 2567 1322 2567 1350 2591 1354 2595 1430 2595 1458 2588 1580 2560 1584 2560 1587 2560 1657 2581 1678 2584 1765 2574 1971 2553 1975 2553 1978 2553 2020 2567 2045 2574 2352 2556 2362 2637 2362 2651 2156 2679 2153 2679 1992 2668 1968 2686 1964 2686 1961 2686 1957 2686 1874 2668 1563 2696 1560 2696 1375 2682 1305 2703 1301 2703 1301 2706 513 2706"/></Shape>
	    <String CONTENT="chadiȩ inuisere fines : Et oratius carminũ libro .i. omne" HPOS="499.0" VPOS="2553.0" WIDTH="1863.0" HEIGHT="153.0"/>
          </TextLine>

          
          
          <TextLine ID="eSc_line_3c15ca98" TAGREFS="LT1094" BASELINE="520 2815 1835 2769 2258 2766 2364 2754" HPOS="506.0" VPOS="2672.0" WIDTH="1856.0" HEIGHT="177.0">
            <Shape><Polygon POINTS="516 2811 506 2717 579 2706 582 2706 586 2706 607 2713 677 2741 778 2710 785 2710 788 2710 792 2710 795 2710 799 2710 848 2734 924 2710 935 2706 938 2706 942 2706 963 2710 1078 2727 1102 2706 1120 2692 1120 2689 1123 2689 1127 2689 1130 2689 1245 2703 1287 2710 1298 2703 1319 2686 1319 2682 1322 2682 1326 2682 1430 2679 1434 2679 1437 2679 1441 2679 1469 2699 1647 2672 1650 2672 1654 2672 1734 2692 1790 2672 1793 2672 1797 2672 1800 2672 1884 2696 1902 2699 1922 2696 1989 2675 1992 2675 1996 2675 1999 2675 2045 2692 2055 2696 2268 2692 2271 2689 2289 2672 2292 2672 2296 2672 2299 2672 2303 2672 2359 2689 2362 2752 2362 2769 2230 2801 2226 2801 2132 2783 2024 2815 2020 2815 2017 2815 1832 2790 1807 2790 1689 2794 1685 2797 1654 2825 1650 2825 1647 2825 1643 2825 1640 2825 1636 2825 1598 2801 1594 2801 1570 2825 1570 2829 1566 2829 1563 2829 1560 2829 1231 2818 1151 2842 1148 2842 1144 2842 1141 2842 1071 2822 1057 2818 1036 2825 949 2849 945 2849 942 2849 513 2842"/></Shape>
	    <String CONTENT="cũ protheus pecus egit altos i̵̵̵n̵̵ uisere montes : quia sensu" HPOS="506.0" VPOS="2672.0" WIDTH="1856.0" HEIGHT="177.0"/>
          </TextLine>

          
          
          <TextLine ID="eSc_line_24f55ace" TAGREFS="LT1093" BASELINE="2278 2813 2394 2789" HPOS="2247.0" VPOS="2706.0" WIDTH="155.0" HEIGHT="112.0">
            <Shape><Polygon POINTS="2275 2811 2247 2706 2402 2759 2390 2787 2390 2811 2275 2818"/></Shape>
	    <String CONTENT="custodit" HPOS="2247.0" VPOS="2706.0" WIDTH="155.0" HEIGHT="112.0"/>
          </TextLine>

          
          
          <TextLine ID="eSc_line_0930b40a" TAGREFS="LT1094" BASELINE="530 2916 1085 2916 2345 2853" HPOS="526.0" VPOS="2766.0" WIDTH="1819.0" HEIGHT="195.0">
            <Shape><Polygon POINTS="530 2916 526 2836 697 2860 757 2829 767 2825 771 2825 774 2825 799 2829 935 2853 1001 2829 1005 2829 1008 2829 1266 2829 1280 2818 1298 2804 1301 2804 1305 2804 1308 2804 1413 2811 1416 2811 1420 2811 1420 2815 1423 2815 1441 2832 1594 2829 1615 2811 1629 2801 1633 2801 1636 2801 1640 2801 1643 2801 1647 2801 1657 2811 1668 2818 1940 2815 1968 2804 2059 2773 2062 2773 2195 2766 2198 2766 2338 2797 2345 2853 2345 2877 2114 2909 2111 2909 2003 2891 1968 2888 1950 2895 1902 2916 1898 2916 1895 2916 1717 2909 1448 2937 1444 2937 1322 2919 1319 2919 1270 2944 1266 2944 1263 2944 1259 2944 1197 2930 865 2961 862 2961 526 2947"/></Shape>
	    <String CONTENT="caret frequentatiuorũ ideo nec coniagationẽ illorũ ser" HPOS="526.0" VPOS="2766.0" WIDTH="1819.0" HEIGHT="195.0"/>
          </TextLine>

          
          
          <TextLine ID="eSc_line_3a43e97a" TAGREFS="LT1093" BASELINE="2178 2934 2342 2910" HPOS="2163.0" VPOS="2853.0" WIDTH="186.0" HEIGHT="115.0">
            <Shape><Polygon POINTS="2177 2933 2163 2881 2327 2853 2341 2909 2345 2968 2349 2913"/></Shape>
	    <String CONTENT="inequalia" HPOS="2163.0" VPOS="2853.0" WIDTH="186.0" HEIGHT="115.0"/>
          </TextLine>

          
          
          <TextLine ID="eSc_line_8d3148e2" TAGREFS="LT1094" BASELINE="533 3006 1109 3024 2404 2961" HPOS="530.0" VPOS="2877.0" WIDTH="1874.0" HEIGHT="189.0">
            <Shape><Polygon POINTS="533 3006 530 2940 687 2951 802 2933 823 2930 827 2930 830 2930 834 2930 834 2933 858 2958 907 2958 956 2930 963 2923 966 2923 970 2923 973 2923 1005 2926 1113 2947 1249 2923 1315 2909 1319 2909 1427 2916 1472 2919 1521 2916 1654 2898 1657 2898 1661 2898 1664 2898 1682 2909 1710 2926 1800 2926 1828 2905 1853 2891 1856 2891 1860 2891 1863 2891 1867 2891 1870 2891 1870 2895 1884 2905 1902 2919 2097 2916 2135 2898 2195 2877 2198 2877 2202 2877 2205 2877 2209 2877 2237 2898 2251 2905 2394 2895 2404 2961 2401 2979 2038 2992 1982 3020 1978 3020 1811 3031 1807 3031 1804 3031 1751 3010 1612 3038 1608 3038 1409 3024 1221 3052 907 3062 903 3062 900 3062 896 3062 872 3045 830 3066 827 3066 823 3066 718 3045 533 3048"/></Shape>
	    <String CONTENT="uauit. Perfecte autẽ formae uerba que non sunt anoma" HPOS="530.0" VPOS="2877.0" WIDTH="1874.0" HEIGHT="189.0"/>
          </TextLine>

          
          
          <TextLine ID="eSc_line_391aad9d" TAGREFS="LT1093" BASELINE="1022 3080 1465 3062" HPOS="1015.0" VPOS="3006.0" WIDTH="450.0" HEIGHT="91.0">
            <Shape><Polygon POINTS="1022 3080 1015 3020 1455 3006 1465 3062 1465 3090 1022 3097"/></Shape>
	    <String CONTENT="qua deficiunt ꝑ modos" HPOS="1015.0" VPOS="3006.0" WIDTH="450.0" HEIGHT="91.0"/>
          </TextLine>

          
          
          <TextLine ID="eSc_line_f8f71aa3" TAGREFS="LT1094" BASELINE="537 3125 1458 3136 2334 3076" HPOS="530.0" VPOS="2989.0" WIDTH="1804.0" HEIGHT="192.0">
            <Shape><Polygon POINTS="537 3125 530 3059 659 3031 663 3031 813 3045 903 3055 928 3041 949 3031 952 3031 956 3031 959 3031 963 3031 973 3041 1015 3073 1556 3062 1584 3038 1584 3034 1587 3034 1591 3034 1594 3034 1675 3048 1888 3006 1891 3006 2076 3034 2153 2992 2156 2992 2160 2992 2324 2989 2334 3076 2331 3125 2132 3118 2059 3132 1989 3146 1985 3146 1905 3136 1856 3129 1811 3136 1731 3153 1727 3153 1647 3139 1633 3139 1566 3142 1060 3170 1057 3170 966 3156 928 3174 924 3174 921 3174 917 3174 914 3174 889 3153 882 3153 677 3153 670 3160 638 3181 635 3181 631 3181 628 3181 533 3160"/></Shape>
	    <String CONTENT="la scilicet uel defectiua in quattuor tantũ inuenire" HPOS="530.0" VPOS="2989.0" WIDTH="1804.0" HEIGHT="192.0"/>
          </TextLine>

          
          
          <TextLine ID="eSc_line_a88fe4c2" TAGREFS="LT1093" BASELINE="2265 3109 2322 3105" HPOS="2251.0" VPOS="2968.0" WIDTH="69.0" HEIGHT="174.0">
            <Shape><Polygon POINTS="2264 3108 2251 2972 2306 2968 2320 3104 2320 3136 2264 3142"/></Shape>
	    <String CONTENT="i" HPOS="2251.0" VPOS="2968.0" WIDTH="69.0" HEIGHT="174.0"/>
          </TextLine>

          
          
          <TextLine ID="eSc_line_f5af1bb9" TAGREFS="LT1093" BASELINE="2426 3213 3038 3174" HPOS="2415.0" VPOS="3024.0" WIDTH="621.0" HEIGHT="262.0">
            <Shape><Polygon POINTS="2425 3212 2415 3090 2484 3090 2488 3083 2523 3048 2523 3045 2526 3045 2530 3045 2648 3038 2652 3038 2655 3038 2736 3062 2781 3076 2858 3073 2889 3052 2924 3024 2928 3024 2931 3024 2935 3024 3022 3041 3036 3170 3036 3219 2956 3223 2949 3230 2886 3268 2882 3268 2879 3268 2875 3268 2771 3251 2634 3286 2631 3286 2627 3286 2537 3268 2491 3258 2432 3275"/></Shape>
	    <String CONTENT="arbitror" HPOS="2415.0" VPOS="3024.0" WIDTH="621.0" HEIGHT="262.0"/>
          </TextLine>

          
          
          <TextLine ID="eSc_line_b6e28722" TAGREFS="LT1094" BASELINE="540 3265 938 3244 1636 3244 2118 3205 2390 3213" HPOS="530.0" VPOS="3118.0" WIDTH="1857.0" HEIGHT="181.0">
            <Shape><Polygon POINTS="537 3261 530 3195 624 3195 628 3191 659 3167 659 3167 663 3167 663 3167 666 3167 666 3167 666 3167 670 3167 670 3167 670 3167 722 3177 764 3149 767 3149 767 3149 767 3149 771 3149 771 3149 771 3149 1012 3146 1015 3146 1015 3146 1019 3146 1123 3174 1137 3177 1333 3174 1340 3170 1368 3149 1371 3149 1371 3149 1371 3149 1375 3149 1375 3149 1378 3149 1378 3149 1378 3149 1382 3149 1382 3149 1382 3149 1385 3149 1385 3149 1385 3153 1402 3167 1406 3170 1584 3170 1612 3160 1734 3125 1738 3125 1738 3125 1738 3125 1741 3125 1741 3125 1744 3125 1744 3125 1744 3125 1748 3125 1793 3156 1804 3160 1978 3153 1982 3149 2052 3118 2052 3118 2055 3118 2055 3118 2055 3118 2059 3118 2383 3139 2387 3212 2383 3237 2341 3230 2327 3240 2303 3261 2303 3265 2303 3265 2299 3265 2299 3265 2296 3265 2296 3265 2296 3265 2292 3265 2292 3265 2163 3244 2104 3237 2083 3247 2059 3261 2059 3261 2059 3261 2055 3261 2055 3261 2055 3261 2052 3261 2052 3261 2048 3261 2010 3251 1971 3240 1940 3254 1898 3272 1898 3272 1895 3272 1895 3272 1895 3272 1891 3272 1535 3268 1528 3268 1525 3268 1364 3289 1364 3289 1361 3289 1127 3279 823 3268 809 3286 806 3286 806 3289 806 3289 802 3289 802 3289 802 3289 799 3289 799 3289 795 3289 795 3289 795 3289 792 3289 792 3289 788 3289 760 3272 673 3296 656 3299 652 3299 652 3299 649 3299 649 3299 649 3299 645 3299 635 3296 586 3279 540 3299"/></Shape>
	    <String CONTENT="coniugationib: iudeo. quibusdã tamen ea differenti" HPOS="530.0" VPOS="3118.0" WIDTH="1857.0" HEIGHT="181.0"/>
          </TextLine>

          
          
          <TextLine ID="eSc_line_bc4369a0" TAGREFS="LT1093" BASELINE="680 3334 816 3325" HPOS="666.0" VPOS="3265.0" WIDTH="147.0" HEIGHT="146.0">
            <Shape><Polygon POINTS="677 3331 666 3268 802 3265 813 3330 678 3329 673 3411"/></Shape>
	    <String CONTENT="estimor" HPOS="666.0" VPOS="3265.0" WIDTH="147.0" HEIGHT="146.0"/>
          </TextLine>

          
          
          <TextLine ID="eSc_line_aad427fe" TAGREFS="LT1093" BASELINE="1217 3299 1312 3296" HPOS="1214.0" VPOS="3251.0" WIDTH="98.0" HEIGHT="69.0">
            <Shape><Polygon POINTS="1217 3299 1214 3251 1305 3254 1312 3296 1312 3317 1217 3320"/></Shape>
	    <String CONTENT="diuidi" HPOS="1214.0" VPOS="3251.0" WIDTH="98.0" HEIGHT="69.0"/>
          </TextLine>

          
          
          <TextLine ID="eSc_line_0f0deb6e" TAGREFS="LT1094" BASELINE="551 3394 781 3390 1046 3362 1549 3366 1849 3334 2366 3320" HPOS="540.0" VPOS="3237.0" WIDTH="1826.0" HEIGHT="181.0">
            <Shape><Polygon POINTS="551 3394 540 3317 820 3289 823 3289 827 3289 862 3303 872 3306 889 3303 945 3286 949 3286 952 3286 956 3286 959 3286 977 3299 984 3303 1005 3296 1092 3272 1095 3272 1099 3272 1256 3289 1315 3292 1731 3282 1776 3268 1863 3244 1867 3244 1870 3244 1954 3261 1964 3261 1975 3261 2090 3237 2093 3237 2359 3247 2366 3320 2366 3352 2097 3352 2059 3362 2020 3373 2017 3373 2013 3373 1898 3369 1765 3362 1741 3373 1724 3383 1720 3383 1717 3383 1598 3380 1483 3376 1458 3383 1434 3394 1430 3394 1427 3394 1423 3394 1402 3387 1364 3376 1298 3390 1266 3397 1263 3397 1193 3394 1001 3387 987 3404 984 3404 984 3408 980 3408 977 3408 973 3408 970 3408 952 3404 896 3390 844 3408 834 3411 830 3411 551 3418"/></Shape>
	    <String CONTENT="is arbitror posse discerni et ex uocalib: quidẽ ante" HPOS="540.0" VPOS="3237.0" WIDTH="1826.0" HEIGHT="181.0"/>
          </TextLine>

          
          
          <TextLine ID="eSc_line_4dd8e12b" TAGREFS="LT1093" BASELINE="994 3422 1127 3418" HPOS="991.0" VPOS="3355.0" WIDTH="136.0" HEIGHT="91.0">
            <Shape><Polygon POINTS="994 3422 991 3355 1120 3359 1127 3418 1123 3436 994 3446"/></Shape>
	    <String CONTENT="leuior" HPOS="991.0" VPOS="3355.0" WIDTH="136.0" HEIGHT="91.0"/>
          </TextLine>

          
          
          <TextLine ID="eSc_line_3b76fc41" TAGREFS="LT1093" BASELINE="1333 3415 1535 3415" HPOS="1329.0" VPOS="3366.0" WIDTH="206.0" HEIGHT="80.0">
            <Shape><Polygon POINTS="1333 3415 1329 3369 1532 3366 1535 3415 1535 3436 1333 3446"/></Shape>
	    <String CONTENT="s regula" HPOS="1329.0" VPOS="3366.0" WIDTH="206.0" HEIGHT="80.0"/>
          </TextLine>

          
          
          <TextLine ID="eSc_line_22d289e6" TAGREFS="LT1093" BASELINE="2384 3445 2638 3442" HPOS="2376.0" VPOS="3343.0" WIDTH="343.0" HEIGHT="145.0">
            <Shape><Polygon POINTS="2383 3442 2376 3348 2442 3348 2446 3348 2449 3348 2449 3352 2719 3343 2666 3464 2624 3422 2634 3439 2634 3463 2558 3463 2547 3470 2526 3488 2523 3488 2519 3488 2516 3488 2380 3481"/></Shape>
	    <String CONTENT="s̃ a .or. c̃sonanctb:" HPOS="2376.0" VPOS="3343.0" WIDTH="343.0" HEIGHT="145.0"/>
          </TextLine>

          
          
          <TextLine ID="eSc_line_391002e4" TAGREFS="LT1094" BASELINE="558 3519 987 3488 1594 3477 1849 3442 2340 3435" HPOS="547.0" VPOS="3334.0" WIDTH="1791.0" HEIGHT="213.0">
            <Shape><Polygon POINTS="554 3516 547 3453 781 3446 792 3436 834 3404 837 3404 841 3404 844 3404 900 3411 977 3373 980 3373 1095 3369 1099 3369 1102 3369 1179 3408 1252 3373 1256 3373 1259 3373 1263 3373 1312 3394 1354 3380 1357 3380 1361 3380 1364 3380 1368 3380 1399 3401 1430 3418 1654 3404 1678 3387 1734 3345 1738 3345 1741 3345 1744 3345 1992 3352 2041 3334 2045 3334 2048 3334 2052 3334 2121 3359 2132 3362 2146 3359 2191 3338 2195 3338 2198 3338 2202 3338 2230 3352 2261 3369 2324 3348 2338 3432 2338 3460 2251 3460 2247 3463 2226 3481 2226 3484 2223 3484 2219 3484 2216 3484 2212 3484 2146 3467 2135 3467 2114 3470 1999 3488 1996 3488 1992 3488 1989 3488 1975 3477 1961 3470 1765 3474 1741 3488 1710 3502 1706 3502 1703 3502 1528 3498 1416 3498 1399 3505 1385 3516 1382 3516 1378 3516 1375 3516 1371 3516 1354 3509 1326 3495 1308 3509 1305 3516 1301 3516 1298 3516 1294 3516 1273 3512 1214 3498 1179 3516 1169 3523 1165 3523 1162 3523 1120 3519 1033 3512 1022 3526 1019 3526 1019 3530 1015 3530 1012 3530 1008 3530 1005 3530 994 3526 966 3516 554 3547"/></Shape>
	    <String CONTENT="cedentib: fatilior ẽ obseruatio: Tres enĩ uocales" HPOS="547.0" VPOS="3334.0" WIDTH="1791.0" HEIGHT="213.0"/>
          </TextLine>

          
        </TextBlock>
        
        <TextBlock HPOS="2783.0" VPOS="841.0" WIDTH="109.0" HEIGHT="134.0" ID="eSc_textblock_93ebed6b" TAGREFS="BT3138">
          <Shape><Polygon POINTS="2783 841 2783 975 2892 975 2892 841"/></Shape>
          
          
          <TextLine ID="eSc_line_ec4e4c38" TAGREFS="LT1094" BASELINE="2810 956 2857 949" HPOS="2784" VPOS="830" WIDTH="70" HEIGHT="136">
            <Shape><Polygon POINTS="2809 955 2784 837 2830 830 2854 948 2854 959 2809 966"/></Shape>
	    <String CONTENT="3" HPOS="2784" VPOS="830" WIDTH="70" HEIGHT="136"/>
          </TextLine>

          
        </TextBlock>
        
        <TextBlock HPOS="1758.0" VPOS="442.0" WIDTH="247.0" HEIGHT="227.0" ID="eSc_textblock_b0f74aa4" TAGREFS="BT3139">
          <Shape><Polygon POINTS="1758 442 1758 669 2005 669 2005 442"/></Shape>
          
        </TextBlock>
        

        
      </PrintSpace>
    </Page>
  </Layout>
</alto>
