3429 4186
1002.0 544.0 1913.0 146.0 denomimib; facta uerba primae eẽ coniugationis;

876.0 631.0 2050.0 167.0 Hoc qq̃ itẽ e contrario potest obseruari ut siqđ uer

1005.0 753.0 1844.0 153.0 bum simile nomini consonante precendente ñ

1005.0 879.0 1795.0 150.0 sit prime iugationis; non ex nomine deduc tũ

1026.0 976.0 1914.0 192.0 sed nominis eẽ principium. ut scribo.scribis.scriba

1979.0 969.0 262.0 91.0 cognoscat᷑

2706.0 997.0 338.0 175.0 doctor ñ officiale

1005.0 1116.0 1865.0 150.0 aduemo aduenis aduena. perfugio is perfu

1012.0 1245.0 1924.0 136.0 ga. molo molis mola. consulo is consul uado ua

995.0 1353.0 2049.0 178.0 dis hic uas uadis. mergo is hec merges.tis.

1016.0 1486.0 1885.0 153.0 quiesco is. hec quies.cedo cedis.cedes. luo luis. lues

2140.0 1461.0 115.0 154.0 hec

2672.0 1469.0 124.0 177.0 hec

1016.0 1611.0 1896.0 140.0 struo is. strues. metuo is metus tribuo is trib par

1298.0 1569.0 99.0 161.0 hec

1012.0 1723.0 1851.0 150.0 co is parcus. gradior graderis gradus. fido is fiđ

1232.0 1719.0 217.0 74.0 abstinens

1023.0 1834.0 356.0 150.0 aperio manifesto.

1012.0 1841.0 1945.0 128.0 pando dis pandus. co cois cocus ludo ludus. curro ris

1393.0 1765.0 279.0 223.0 manifestus

2311.0 1793.0 98.0 174.0 dis

1005.0 1967.0 1924.0 153.0 currus. uiuo.  uiuus; uerbaque s̃ enumerata cõmon

1424.0 1949.0 185.0 84.0 .uiuis

995.0 2079.0 1889.0 163.0 strabantur nomina quede indicatiuo p̃sentis tẽ

1002.0 2208.0 1847.0 136.0 poris uerborũ diriuata s̃ non genera libus clau

998.0 2256.0 1952.0 227.0 sulis t̃minatia nec inmultis adeo nominib; inuen

1298.0 2305.0 496.0 154.0 finienciar

998.0 2452.0 1928.0 129.0 ta probantur . que om̃a uerba quia non s̃ primae

1002.0 2577.0 1854.0 143.0 coniugationis quamuis adhereant nominib; non

995.0 2682.0 1913.0 157.0 ab illis deduci monstrantur sedecontrario nominũ

988.0 2801.0 1878.0 174.0 eẽ primordia; formido quoq; et caligo et propago

1644.0 2809.0 154.0 54.0 timor

1005.0 2912.0 1868.0 175.0 et palpo et indago uerba licet prime sint coniugati

1016.0 3024.0 1875.0 199.0 onis et habent adherentia nomina sibi. formido

1005.0 3167.0 1879.0 174.0 caligo propago indago; tamen quia non respon

2576.0 3145.0 238.0 78.0 resonant

1012.0 3286.0 1903.0 170.0 dent syllabis genitiui nominũ merito mihi uiden

1023.0 3418.0 1882.0 188.0 tur magis momina de uerbo tulisse ꝙ de nominibus

2088.0 3401.0 227.0 160.0 facta eẽ

750.0 1349.0 269.0 227.0 diuens
