3429 4186
474.0 938.0 398.0 136.0 mellam insidior

1075.0 589.0 1879.0 122.0 in eo desinat eius ÷ coniuagationis cuius et alia sunt

1085.0 683.0 1886.0 147.0 in eo desinentia que primitiua sunt et nulla de

1065.0 802.0 1882.0 153.0 ducuntur origine id ÷ secunde solius conuiga

1099.0 910.0 1858.0 174.0 tionis. ut canus cani caneo. calles callis calleo

1508.0 910.0 185.0 80.0 caniger

1986.0 906.0 157.0 74.0 ͬsenesco

2259.0 899.0 143.0 154.0 semita

2657.0 910.0 297.0 73.0 ჻ astute ago

1075.0 1043.0 1844.0 139.0 flos floris floreo. lux lucis luceo. frons dis

1166.0 1020.0 188.0 166.0 polleo

2618.0 1036.0 137.0 69.0 cresco

1068.0 1161.0 1900.0 143.0 frondeo . census censeo . inuo uero principa

1550.0 1154.0 181.0 133.0 uectigal

1078.0 1290.0 1893.0 129.0 lia quidem tertiae solius inueniuntur. ut imbu

2709.0 1266.0 290.0 87.0 instruo doceo

1134.0 1379.0 290.0 176.0 acumino

1082.0 1423.0 1788.0 146.0 o acuo. induo arguo luo . nuo . spuo. ruo. suo.

1431.0 1374.0 157.0 153.0 tibi

1613.0 1391.0 276.0 67.0 increpo

1906.0 1395.0 227.0 66.0 penas soluo

2685.0 1391.0 216.0 91.0 ips̃ ꝗđ ẽ c̃suo

1085.0 1486.0 315.0 76.0 euanesco disipio

1065.0 1517.0 1847.0 150.0 fatuo. uacuo aut̃ uiduo.insinuo. tenuo fluctuo

2727.0 1520.0 90.0 84.0 titubo

1065.0 1632.0 1819.0 171.0 estuo.mutuor. tumultuor. infatuor quia ex no

1071.0 1754.0 1795.0 150.0 minibus. uacuus uiduus tenuus. sinus. fluctus.

1065.0 1883.0 1787.0 147.0 aestus mutuus tumultus fatuus. dirauata sunt

1068.0 2012.0 1826.0 147.0 iure prima uindicat conuigatio. nam tribus et

2526.0 1974.0 393.0 192.0 dr̃ a distributione

1047.0 2127.0 1837.0 154.0 metus et lues et strues magis ipsa deducuntur

1641.0 2113.0 352.0 81.0 congeries lignorũ

1061.0 2246.0 1886.0 157.0 a uerbis tribuor metuo; struo luo . quã fatiunt

1417.0 2225.0 461.0 84.0 impertior ł diuido ⁊ dispono

1882.0 2225.0 171.0 164.0 timeo

1061.0 2351.0 1819.0 160.0 ex se uerba; Sin autẽ in io desinat tũ c̃sidera

1061.0 2469.0 1886.0 161.0 bimus ut sino men quidẽ habeat appositũ ultra

1061.0 2595.0 1941.0 160.0 duas syllabas et pęnultimã in i desinentẽ sequen

1054.0 2717.0 1900.0 136.0 te uocali. secundũ datas in ante dictis obseruati

1058.0 2839.0 1871.0 126.0 ones primę erit. coniugationis. hoc aut̃ non c̃

1051.0 2944.0 1871.0 153.0 secuto uerbũ in io desinens a nomine deriua

1051.0 3066.0 1850.0 167.0 tũ aquacũq; uenit declinataone paucis illis

1058.0 3198.0 1864.0 157.0 exceptis quae superius adtertiã pertinen

1061.0 3327.0 1858.0 157.0 tia notauimus quarte erit sine dubio coniu

1085.0 3432.0 1834.0 199.0 gationis cuius etiã primitiuas in io desinen
