3364 4186
359.0 593.0 1874.0 143.0 nification uerbi licet nihil aliud nisi .r. tantum assu

355.0 711.0 1836.0 154.0 mant non seruant eandem coniugationẽ. sperno

352.0 812.0 1902.0 171.0 spernis spernor sperneris. aspernor depoñ aris

352.0 934.0 1916.0 171.0 conspitio conspicis aspitio aspicis conspicior con

352.0 1049.0 1951.0 175.0 spiceris aspicior aspiceris conspicor conspicaris.

341.0 1165.0 1885.0 184.0 deponens. sterno nis. sternor sterneris const̃

331.0 1297.0 1944.0 164.0 nor consternaris depoñ. fatio neutrũ gratificor

348.0 1419.0 1927.0 178.0 gatificaris. ludificor ludificaris. sentio itẽ sentis

345.0 1541.0 1877.0 168.0 adsentor depoñarĩ gero geris morigeror raris.

345.0 1653.0 1916.0 167.0 et e quidẽ habentia ante or secundes sunt c̃iugatio

345.0 1772.0 1846.0 167.0 ñ ut ante dictũ ÷ ut liqueor : liceor : polliceor

1786.0 1754.0 304.0 91.0 ꝓmitto

352.0 1883.0 1835.0 161.0 medeor. reor. mereor misereor. uereor : fa

1811.0 1869.0 185.0 175.0 timeo

348.0 1939.0 178.0 129.0 loquor

348.0 2020.0 1826.0 135.0 teor intueor . et que ex is conponuntur . I aut̃

328.0 2089.0 2020.0 185.0 ante or habentia obseruationib: prime caren

551.0 2176.0 370.0 80.0 conpelluntur

321.0 2204.0 1912.0 195.0 tia coguntur ad quartã uenire coniugationẽ.

512.0 2305.0 136.0 161.0 tego

321.0 2330.0 1880.0 188.0 ut amitior. blandior. ordior . largior. molior

1287.0 2340.0 143.0 73.0 incoo

328.0 2469.0 1811.0 182.0 operior. metior. sortior. adsentior. partior.

324.0 2581.0 1937.0 171.0 exceptis gradior et morior. et patior. quȩ ter

328.0 2699.0 1901.0 175.0 tae solius orior aut̃ et potior tã tertiae quã

341.0 2815.0 1895.0 177.0 quarte quosdã motus habent: in uor quoq: desi

321.0 2940.0 1870.0 164.0 nentia primitiua tertiae sunt ut fruor. frueris. lo

328.0 3045.0 1835.0 171.0 quor loqueris. liquor liqueris. sequor sequeris

324.0 3160.0 1933.0 178.0 quorum posteriora ad consonantium regulam per

328.0 3289.0 1866.0 167.0 tinere uidentur et in cor desinentium uerborũ

335.0 3415.0 1828.0 191.0 habere preteritum locutus sũ secutus sũ et cetr̃:

1688 355 137 164 18
