3408 4174
1051.0 608.0 1942.0 143.0 consonantibus aut̃ antecedentibus solis in or desinen¬

1068.0 716.0 1856.0 143.0 tia si passiua non sint . nec diriuentur ab actiuis . ut

1061.0 852.0 1894.0 142.0 illorũ sequantur coniugationes. siue deponentia

1072 966 1866 147 sint. siue communia. uniformis illa regula uin¬

1072.0 1074.0 1911.0 150.0 dicat ut primae tantũ modo sint; ipsa quoq; con¬

1079.0 1186.0 1866.0 160.0 iugationis obseruationẽ secuta generalem ; 

1075.0 1307.0 1974.0 153.0 pleraq; sunt a nominib; diriuata; ut precor. uador

1058.0 1419.0 278.0 198.0 error

1368.0 1408.0 264.0 174.0 auxilior

2809.0 1408.0 219.0 84.0 ꝑscrutor

1086.0 1440.0 1970.0 156.0 uagor sufragor. negotio. exilior. opitulor. rimor.

1093.0 1547.0 1886.0 167.0 peregrinor. dignor. miror. aduersor testiscor.

1890.0 1530.0 170.0 143.0 stupeo

1082.0 1666.0 1939.0 156.0 et similia; exceptis paucis que sunt tertiae correp̃.

1155.0 1770.0 188.0 87.0 cador

1103.0 1794.0 1852.0 146.0 ut labor. fungor. liquor. loquor. sequor. queror.

1138.0 1888.0 202.0 157.0 conor/{prop?certor}

1089.0 1892.0 1842.0 174.0 nitor. reuertor. utor et que ex is singulis conpo

1096.0 1996.0 1890.0 171.0 nuntur. que ideo excepta iuresunt ; tertie coniu¬

1103.0 2146.0 1842.0 139.0 gationis uerborũ . nullã uidentur originis no¬

1106.0 2264.0 1887.0 143.0 minū occasionē monstrare; idẽq; etiam in superi¬

1096.0 2351.0 1873.0 160.0 orib; relatis id ÷ in ior. ł in uor. desinentib; uer¬

1103.0 2466.0 1894.0 177.0 bis obseruari potest . qđ ad tertiam illa pertinent

1100.0 2580.0 1851.0 178.0 coniugationẽ. que quasi primitiua nominũ ca¬

1093.0 2702.0 1865.0 171.0 carent cõmunione; ut gradior morior . patior.

2440.0 2782.0 289.0 80.0 exsequor

1093.0 2817.0 1872.0 177.0 orior. potior. fruor. liquor. sequor. nominib;

1093.0 2932.0 1952.0 184.0 diriuata .i. quidẽ penultimã nominũ purã haben¬

1100.0 3067.0 1893.0 178.0 tib; primę s̃. hoc aut̃ priuata quartae. necessario de¬

1106.0 3189.0 1884.0 171.0 putantur; quod et in io disinentib; uerbis id ÷ ac¬

1113.0 3307.0 1835.0 181.0 tiuis ł neutris. fieri p̃diximũ paucĩ illis supe¬

1110.0 3422.0 1855.0 212.0 rius notatis ad tertiã redeuntib; primitiuus.

546.0 1300.0 414.0 300.0 dõ factũ ÷
