3408 4174
1141.0 577.0 1863.0 129.0 tibus iam ante dictis nihil ut opinor addi potest nisi hoc

1134.0 695.0 1884.0 153.0 quod nec secunda que sẽper in eo desinit uerbũ potest habe¬

1141.0 827.0 1831.0 150.0 re dissyllabum absq; fleo neo nes nec uerbo quod neui

1127.0 953.0 1849.0 149.0 facit in pret̃ unde et beo creo screo. meo. licet meo desi¬

1134.0 1081.0 1866.0 136.0 nentia secunde deberent eẽ tam̃ prime sunt. eo quoq;

1131.0 1189.0 1873.0 164.0 et queo quarte sunt coniugationis. nec in io desinentia

1134.0 1314.0 1863.0 150.0 cuius cũq; sint conuigationis minus trib; eẽ syllabis

1134.0 1436.0 1929.0 160.0 possunt . notatis primę quidẽ hio hias et pio pias. quar¬

1145.0 1558.0 1900.0 160.0 te uero fio fis. scio scis et interdũ cio cis un decõponitur

1134.0 1683.0 1873.0 153.0 excio excire quod et cieo secunde coniugationis in ue¬

1141.0 1784.0 1922.0 177.0 nitur. reliquas terminationes uerborũ consonantib;

1148.0 1906.0 1891.0 170.0 pręcedentib; per ordinem insequenti tamen libel¬

1145.0 2066.0 706.0 114.0 lo contẽplabimur .

1869.0 2006.0 1225.0 195.0 EXPLICIT LIBER PRIMUS

1141.0 2135.0 1901.0 171.0 INCIPIT LIBER SECUNDUS EUTICII

1162.0 2260.0 1918.0 167.0 GRAMATICI DE DISC᷑NENDIS C̃IUGAT̃B;

884.0 2365.0 2120.0 198.0 Omnia uerba inbo uel in bor desinentia quacumq; uo¬

1148.0 2500.0 1925.0 160.0 cali seu consonante precedente prime sunt coniugationis.

1155.0 2598.0 1890.0 188.0 ut libo libas probo probas orbo orbas cubo cubas excubo

1159.0 2716.0 1904.0 184.0 excubas titubo titubas subo subas cõposito a sub et cubo

1507.0 2744.0 221.0 143.0 uacillo

1166.0 2838.0 1893.0 181.0 per sincopã dẽpta media sillaba oratius in eppodo . Iã¬

1166.0 2967.0 1869.0 184.0 q; subando. excipiuntur paucaque ad tertiã coniug̃

1162.0 3095.0 1831.0 181.0 correptã perueniunt a quidẽ antecedente longa.

1169.0 3203.0 1810.0 216.0 unum deponens inuenitur. ut labor laberis unde

1176.0 3332.0 1897.0 198.0 labitur iuncta uadis abies apud uirgilium libro vii ene¬

1176.0 3447.0 1863.0 233.0 idos legimus. a quo et participium lapsus sit quãuis
