3364 4186
1584 333 160 148 20

394.0 523.0 1971.0 206.0 sub eodem sensu etiam prime conuigat̃ actiuum ł neutru

390.0 634.0 1975.0 217.0 inuenitur antecedente. A sed breui ut labo labas. atun

387.0 781.0 1940.0 178.0 de in secundo libro aeñ uirgilius dixit . labat ariete cre

397.0 896.0 1937.0 188.0 bro ianua; excipitur etiã scaberet qđ tertiae personę

408.0 1022.0 1961.0 195.0 inperfecti temporis subiunctiui modi quandam speti

401.0 1158.0 1916.0 178.0 em seruans. apud oratium in libro .i. sermonum repperitur.

411.0 1269.0 1954.0 199.0 ut sepe capud scaberet uiuos et roderet ungues; notamus

408.0 1391.0 1968.0 196.0 etiam quasi tertiae coniugationis licet nullum eius alium

411.0 1517.0 1986.0 171.0 motum apud aliquem interim cognouimus nisi infinitiuũ

411.0 1639.0 1927.0 167.0 scabere apud minepium uarronẽ in cantico . qđ uenire

411.0 1761.0 1965.0 188.0 apositione uenrbi qđẽ scabio ł scabo unde scabies nomen ÷

415.0 1873.0 2003.0 195.0 diriuatum et uerisimile potest ex isti mari; i uero ante

418.0 1988.0 1954.0 164.0 cedente hec tantum sunt tertiae coniuagationis breui

422.0 2099.0 1985.0 196.0 quidem ut bibo bibis longa uero ut scribo bis. Itẽ u. uo

425.0 2239.0 1996.0 174.0 cali longa antecetdente unum ẽ tertiae : nubo nubis. m

432.0 2358.0 2017.0 184.0 uero consonante antecedente duo sunt ut labo labis

436.0 2476.0 1975.0 182.0 unde uirgilius in secundo libro eneidos dixit lambe

439.0 2605.0 1965.0 182.0 re flamma comas et a uerbo cumbo quod simplex in

439.0 2717.0 2021.0 167.0 usu nonẽ tertiae composita ut incũbo bis procũbo

439.0 2822.0 1993.0 170.0 procumbis. accumbo succũbo cuius primitiuũ sine

453.0 2947.0 1996.0 178.0 m prolatum enuntiatur tãquam simplex quãcom

2282.0 3020.0 237.0 171.0 ĩrequiesco

446.0 3080.0 1958.0 157.0 positũ sine m prolatũ prime coniugationis ẽ; ut cu

453.0 3191.0 1951.0 157.0 bo cubas incubo incubas procubo procubas. INco

443.0 3306.0 1964.0 161.0 desinentia uerba seu primatiua siue deriuatiua

457.0 3432.0 1936.0 209.0 quacumq; antecedente uocali primę sunt

2407.0 593.0 217.0 184.0 lab-

2460.0 868.0 164.0 98.0 creo
