3408 4174
2297.0 528.0 303.0 98.0 interficio

932.0 528.0 1908.0 171.0 coniugationis; ut placo placas uaco uacas neco necas secas

943.0 643.0 1939.0 195.0 plico plicas mico micas dimico dimicas emico emicas frico

939.0 761.0 1960.0 209.0 fricas dico dicas penultima breuis cuius futurum in i libro

932.0 876.0 1992.0 233.0 aeñ uirgilius posuit. ut conubio iungã stabili propriamq;

932.0 1012.0 1950.0 215.0 dicabo. unde dedico abdico componuntur. Item albico al¬

925.0 1140.0 1901.0 192.0 bicas oratius carminum libro .i. haec prata canis albicant

925.0 1262.0 1919.0 209.0 pruinis. Itẽ uel lico ł licas idem sermonũ libro i. uellicat

912.0 1387.0 1987.0 216.0 absentem demetrias. claudico claudicas uindico.uindicas.

905.0 1513.0 1928.0 201.0 duplico. duplicas eradico.as. terrentius in andria . di te

905.0 1634.0 1956.0 185.0 eradicant ita me miseram territam. mendico. mendicas suf¬

908.0 1749.0 1960.0 181.0 foco suffocas. loco as uoco as qđ penultimam o nominis lon¬

925.0 1881.0 1926.0 171.0 gnm in uerbo corripuit; Notatur tertiae conigat̃ coco is

905.0 1989.0 1942.0 202.0 et que abeo componuntur. decoco is incoco cis . cui uer¬

894.0 2107.0 1950.0 213.0 bo licet nomen adheret cocus. tamen non abeo uerbum

887.0 2222.0 1957.0 205.0 sed a uerbo nomen deduci monst{r}atũ in supradictis suffi¬

884.0 2351.0 1956.0 153.0 cienter existimo; excipiuntur pauca etiam que tertiae s̃

880.0 2459.0 1957.0 184.0 coniugationis differentiae causa. i quidẽ uocali longa ante

1190.0 2528.0 136.0 199.0 dono

856.0 2591.0 2026.0 160.0 cedente dico dicis id ÷ narro ut distet abeo cui breuis i. an¬

877.0 2709.0 1977.0 157.0 tecedit sensu et coniugatione et tẽpore. unde merito su¬

870.0 2827.0 1967.0 160.0 is respondent primitiuis ab utroq: composita; ut edico. is

873.0 2932.0 1957.0 191.0 predico. is longitudinem primitiui seruans tertiae est;

870.0 3060.0 2012.0 199.0 preteritũ perfectũ tẽp; in xi fatiens ut p̃dixi qđ grece ΠΡΟ¬

884.0 3189.0 1949.0 181.0 ΛΕΓΩ monstrat. Itẽ aut̃ predico as. breuitatẽ primiti¬

866.0 3311.0 2023.0 174.0 ui sui seruans primę ÷, p̃teritũ perfectũ tẽp; in aui fatiens

870.0 3436.0 2047.0 181.0 ut p̃dicaui. qđ grece ΚΕΡΙCΩ significat ; et in dico tã indicis
