3364 4186
1643 327 185 119 21

453.0 516.0 1885.0 206.0 longa i antecedente. ut apud uirgilium liƀ .i. aeñ diuum tẽ¬

457.0 606.0 1954.0 241.0 plis indicit honorem. apud eundẽ liƀ .vii. hoc et tu eneadis in¬

460.0 739.0 1947.0 230.0 dicere bella latinus. a quo perfectum indixi fit ut lucanuis in

457.0 875.0 1975.0 209.0 libro ii. indixitq; nefas ꝙ indicas; et apud oratium libro .i. car

471.0 1001.0 1933.0 212.0 minum me tabula sacer uotiua paries indicat uirida suspen¬

464.0 1133.0 1912.0 203.0 disse potenti maris deo uestimenta; et apud ouidium in xi

467.0 1248.0 2003.0 224.0 libro metamonfoseon. om̃a seruauit lapidis color. indicat.

471.0 1381.0 1964.0 209.0 et illud apud eundem in xii cornua fronte gerit quẽ uoƀ

471.0 1510.0 1982.0 202.0 indicat autor ; ex quo p̃teritum perfectũ indicaui. duco quo¬

481.0 1629.0 1961.0 188.0 que u longa antecedente tam in simplicitate quam in omni¬

474.0 1730.0 1916.0 223.0 bus compositi sonib: tenrtiae coniug̃ẽ. ut abduco abducis.

471.0 1855.0 1964.0 185.0 adduco adducis. subduco is. induco is. educo is. extra hoc

485.0 1988.0 1922.0 143.0 in una tantum compositione educo u breui profertur

474.0 2110.0 2014.0 150.0 differentiae causa significans nutrio. et tum solũ primę

485.0 2236.0 1982.0 160.0 ẽ coniug̃; ut apud uirgilium in liƀ x. quattuor hic iuue¬

1392.0 2326.0 206.0 80.0 nom̃ ꝓpͥũ

488.0 2347.0 1965.0 171.0 nes totidiem quos educat ufens; tam̃ uidetur educo edu¬

478.0 2459.0 1971.0 185.0 cas uerbũ ; rationabilius a nomine uerbali qđ ÷ dux ducis

495.0 2595.0 1958.0 171.0 diriuatum uire prime eẽ coniugationis ut temp; etiam no¬

499.0 2706.0 2170.0 175.0 minis in penultima uerbi seruatum significat ; Consonante quoq.

492.0 2818.0 1964.0 174.0 absq; s. quacumque antecedente. in co finita uerba prime

509.0 2930.0 1916.0 181.0 sunt cniugationis, ut pecco as. calco calcas. sulco sulcas.

512.0 3059.0 1990.0 167.0 mulco mulcas. trunco truncas lucanus in liƀ vi. cesorũ

505.0 3184.0 2024.0 157.0 truncare cadauera regum; ex quo componitur. obtrun¬

509.0 3310.0 1989.0 146.0 co. obtruncas. sic etiam uerbum inesco. inescas. quod t̃ren¬

526.0 3422.0 1930.0 167.0 tius in aedelfis ponit. nescis inescare homines . sane pri¬
