3408 4174
960.0 504.0 1995.0 222.0 me ẽ coniugationis. licet s. habet ante co . quod quia a nomi

957.0 619.0 1977.0 222.0 ne esca deductum tam nominis seruauit scripturam inuer

950.0 737.0 1932.0 233.0 bo quam regulam. a nomine diriuatiuorum uerborum;

950.0 880.0 1967.0 205.0 Notantur tertiae uinco uincis. et abeo cõposita conuin

950.0 987.0 1960.0 226.0 co conuincis . deuinco deuincis . parco quoq; qđ solum

957.0 1140.0 1876.0 181.0 r ante co . habens ẽ tertiae conuigationis; S uero

939.0 1255.0 1908.0 188.0 ante cedente siquidem sint inc ho atiua tertiae sunt.

936.0 1373.0 1925.0 220.0 conuagationis sine dubio ceu predictum ÷; ut or resco

932.0 1509.0 1880.0 191.0 orrescis . tepesco tepescis . calesco calescis. erubesco

932.0 1610.0 1880.0 202.0 erubescis; que non solum a uerbis secunde coniugatio

936.0 1732.0 1960.0 198.0 nis. sed etiam a labo labas qđ est prime coniugationis

932.0 1860.0 1908.0 160.0 labasco; et licet raro a nominib; etiam diriuatiua in ue

936.0 1968.0 1949.0 202.0 niuntur; ut uespera uesperasco. iuuenis iuuenisco. glis

964.0 2038.0 136.0 181.0 cresco

953.0 2093.0 1901.0 199.0 glisco . et si non sinͭ tamen inchoatiua s ante co. haben

922.0 2226.0 1988.0 181.0 tia si non a nominib; diriuentur. tertiae sunt similit̃.

1044.0 2309.0 191.0 80.0 nutrio

915.0 2347.0 1922.0 146.0 ut pasco pascis paui. cresco crescis creui . conpescon

919.0 2441.0 1987.0 171.0 pescis conpescui . disco discis didici . assuesto assuescis

912.0 2580.0 1977.0 153.0 assueui. posco poscis poposci quiesco quiescis. quieui.

912.0 2706.0 1984.0 146.0 unde nom̃ deriuatũ quies quietis. qđ inquieto inqui

912.0 2824.0 1973.0 136.0 etas uerbum primę coniugationis facit  rationabilit̃

905.0 2928.0 2036.0 167.0 syllabis genitiui nominis respondens; predicta  uer

898.0 3060.0 2026.0 164.0 ba non eẽ inchoatiua p̃teritũ perfectum temp; osten

912.0 3189.0 1980.0 153.0 dit; inesco uero inescas ut nec inchoatiuũ nec pritiuũ

905.0 3304.0 1966.0 153.0 sed a nomine esca deductum iure prime ÷ coniugati

919.0 3429.0 1956.0 157.0 onis; in cor desinentia cuius cũq; sint generalis uel sig
