3408 4174
912.0 532.0 2001.0 174.0 (in do). autem desidentia nec a nominibus deducta. naturaliter longa

936.0 650.0 1984.0 181.0 uel breuis syllaba antecedente tertiae coniugationis sunt, ut uado.is.

936.0 768.0 1970.0 192.0 inuado. is, rado.is. cedo .is. incedo .is. pedo.is. honoratius sermonum.

936.0 890.0 1963.0 191.0 liƀ .i. Nam displosa sonat quantum uessica pepedi, fido .is. strido.is.

929.0 1005.0 1981.0 215.0 ledo .is. cedo.is. inlido. is. occido. is. quae a ledo. et cedo conposita s̃ longi¬

925.0 1133.0 2026.0 209.0 tudinem dyptogi. seruauerunt, Item rodo.is. prodo. is. ludo. is. cudo. is ;

908.0 1273.0 2005.0 191.0 Terrentius. in metamorphoseon, romae non argentum cudo, excudo.

915.0 1398.0 1963.0 191.0 is. procudo. is. uergilius aeneidos. liƀ .i, Ac primum silici scintillam ex¬

908.0 1520.0 1956.0 187.0 cudit Achates; Item liƀ .vi. excudunt alii spirantia mollius aera,

925.0 1638.0 1950.0 188.0 Item georgicon .liƀ.i, durum. procudit arator uomeris obtusi

1862.0 1749.0 209.0 171.0 inpello

898.0 1756.0 1973.0 184.0 dentem cauat arbore lintres, Trudo.is. detitido .is. absttudo. is.

908.0 1888.0 1929.0 164.0 obstrudo. is. rudo. is, Cuius et apud persium legimus infinitiuum

887.0 1996.0 1970.0 174.0 rudere; findor ut arcadiae pecuaria rudere credas, abeo uenire

884.0 2125.0 1973.0 202.0 potest. quodẽ rudo .is. ut est ex participio eius quo uirgilius utitur.

884.0 2250.0 1991.0 174.0 suspicari eneidos. liƀ .iii ; primusque ridentem contorsit leuam ꝓrã

891.0 2358.0 1998.0 167.0 palinurus ad undam, ltem libro uii hinc exaudiri gemitus iręque le¬

880.0 2476.0 1967.0 164.0 onum uincla recusantum et sera sub nocte rudentium, Item georgicon

880.0 2587.0 1953.0 167.0 iii liƀ comminus obtruncant ferro grauiter que iudentes caedunt,

880.0 2723.0 1953.0 157.0 nomen quoque quo nauis funes significantur idest iudentes. non aliunde

877.0 2827.0 2022.0 164.0 reor deductum; ut idem doc& uirgilius in liƀ .i. aeñ. dicens, insequitur cla¬

877.0 2928.0 1942.0 192.0 morque uirum stridorque rudentum, plaudo.is. cludo. is. claudo. is,

880.0 3081.0 1943.0 171.0 cado quoque is licet antecedens a corripitur tertiae ÷ coniugationis; ut

877.0 3186.0 1928.0 181.0 occido. is. incido. is. decido. is. &iam, quando acado sunt composita .i. tamen

880.0 3318.0 2012.0 167.0 penultima correpta ÷; e do quoque es; licet anomalum est per ꝑsonas. et diuido.

877.0 3443.0 1949.0 177.0 is. quamuis paenultima corripitur, tamen nihil discrepant a coniugatione;
