3408 4174
424.0 1140.0 331.0 188.0 BEAtaẽ

988.0 469.0 1932.0 191.0 quidem attinet. fundo is, ut primitiuum tertiae ÷ unde fundus nomen

981.0 584.0 1957.0 222.0 id est ager deriuatur. quod fundit noƀ fructus aut aliud nomen ÷ fundus

992.0 699.0 1935.0 243.0 qđ altitudinem significat; funso autem as. uerbum. ed est findam̃ta

985.0 820.0 1827.0 254.0 poso qđ a nomine qđ est fundus id est ΒΥΘΕΜΕΝ. diriuatur;

978.0 960.0 1904.0 233.0 unde et profundus componitur a quo fundamenta dicuntur fundo

974.0 1095.0 1950.0 205.0 iure primę ẽ coniugationis; Verbum ũo monosyllabum.do

964.0 1213.0 1998.0 233.0 as simplex quidem; primae est; Et si cum aduerbiis ł desyllabis

971.0 1363.0 1956.0 195.0 prepositionibus componatur. seruat coniugationem; Ut circũ

957.0 1467.0 1949.0 219.0 do das; pessum do das; Cum monosyllaƀ aut̃ prepositionibus uel

953.0 1600.0 1978.0 205.0 cum nominibus compositum tertiae fit c̃iug̃s; ut trado.is. reddo.

953.0 1718.0 2009.0 212.0 is. perdo.is. debo.is. prodo .is. sic etiam credo.is.uendo.is. a credun

946.0 1853.0 1960.0 171.0 do.is. etuenundo a cretum .do. & uenum.do. ut quidam putant

943.0 1965.0 2002.0 215.0 composita suut; Sed quamuis pręter consuetudinem. sit latinoꝝ

943.0 2093.0 1974.0 202.0 uerborum ut eadem manente finalitate compositio sola motet con

939.0 2229.0 2026.0 171.0 iugationem; uidetur tamen hoc imitatione graeca motutum apud.

950.0 2340.0 1967.0 157.0 quos. simplex quidem uerbum cirumflexum . ΩΡΚΩ ΟΡΚΩΙC

939.0 2466.0 1908.0 149.0 tertiae; compositum autem ΕΥΟΡΚΩ ΕΥΟΡΚΕΥC ΕΠΙ

929.0 2563.0 2009.0 181.0 ΟΡΚΩ ΕΠΙΟΡΚΕΙC prima est, symplex grecum ΚΙΛΩ

929.0 2695.0 1991.0 160.0 ΚΥΛΑC. secundae; conpositum ueroΙΕΡΩΣΙΛΟΙ ΕΠΟΚΥΛΕ

932.0 2817.0 1936.0 150.0 ΥΣ primae CIRcumflexorum ÷ coniugationis; qđ perspicatio

925.0 2918.0 1950.0 170.0 res graecorum refutantes adfirmant huius modi uerborum declinatio

925.0 3040.0 1905.0 184.0 nes non a uerbis simplicibus sed magis a nominibus compositis ΕΥΟΡ

925.0 3168.0 1943.0 174.0 ΚΟC ΕΠΙΟΡΚΟC ΙΕΡΟCΙΛΟC. id est unde composita greca uerb

919.0 3280.0 1942.0 177.0 ba facta uerbis indeclina clinatione non respondere primitiuis. ex

922.0 3412.0 1880.0 188.0 qui mihi quoque uidetur .do. uerbum in simplicitate p̃ter regulam
