3364 4186
1807 251 80 146 25

394.0 251.0 1096.0 261.0 ille pomatu pconpan

387.0 345.0 1657.0 237.0 pango oratius epistularum libro .i.

1186.0 446.0 984.0 153.0 concardus me fectc.

390.0 533.0 1989.0 182.0 pango. Oratius epistularum libro primo; Neccum ueneratille, ille poemata pan

387.0 669.0 1978.0 178.0 gis; plango fingo mingo ningo stringo tingo extingo restingo cingo

397.0 805.0 2003.0 164.0 pingo restringo stringo. iungo. ungo. pungo. spargo. mergo. tergo. surgo

397.0 917.0 1986.0 174.0 emungo uergo. inuergo. fungor. purgo emin as a purg̃ nomine deriuatum

387.0 1039.0 1989.0 181.0 ex quo & r. ante go adsumens iurgo as ab eo quod ÷ iure urgeo. traductũ.

383.0 1182.0 2010.0 161.0 &uulgo. ex quo &iam prouulgo as. componitur. auungus nomine deductũ

383.0 1311.0 1972.0 154.0 merito primę sunt coniugationis. Aspiratione anteo.habentia. latina du

383.0 1433.0 1989.0 164.0 o sunt; Que nullam diriuationis occasionem monstrantia: .iii.a sunt coniu

390.0 1545.0 1955.0 174.0 gationis. traho. ueho & quę ex his componuntur retraho. subtraho. ad

387.0 1653.0 2013.0 192.0 ueo. proueo. subueo; Nam triumpho; bachor.stomachor & graeca sunt

383.0 1786.0 2014.0 184.0 & a nominibus diriuata iure primę sunt; Aio & meio. qđ & mingo dicitur .i.

397.0 1918.0 1979.0 140.0 ꝓ consonante aonte o habentia tertię sunt ut primitiua; & lic& defectiua

380.0 2005.0 1982.0 161.0 sunt. habent quędam. signa tertiae. ꝯiugationis. Tertia enim persona

387.0 2106.0 2062.0 220.0 pluralis aiunt et infinitiuum merere apud iuuenalem. in liƀ primo lectũ ÷;

383.0 2253.0 1962.0 192.0 cuiꝰ ad affigiem non tantum meiere fas ẽ; Indicat coniugationem. p̃

380.0 2368.0 1972.0 185.0 dictam; Nam scio. fio quę sunt quartę & hio pio quę s̃ primae .i. uocalem

380.0 2490.0 2027.0 199.0 ante o habentia. dequibus habunde dictum in ante latis existimo. In lo

376.0 2609.0 1986.0 181.0 desinentia a.ł e ł .i. uocalibus antecedęntibus primae sunt coniuga

380.0 2720.0 1944.0 178.0 tionis ut halo has, exhalo as, anhelo as. gelo as. protelo as. uigilo as

380.0 2818.0 1930.0 199.0 sibilo as. uentilo uentilas excepto alo is. id est nutrio, intellectus

376.0 2947.0 1934.0 206.0 causa. ut carens graui sp̃u &iam coniugatione differat.ab eo qđ ÷

383.0 3073.0 1902.0 192.0 aspiratum primae est coniugationis. halo alas, significans.spiro. unde;

373.0 3181.0 1992.0 202.0 fonte sonat. seuamque exalat opaca memfitim uergilius; in uii ꝓtulit;

376.0 3313.0 1982.0 192.0 similiter o &iam .ł u. antecedentibus primae sunt; ut uolo as. dolo as.

373.0 3425.0 1968.0 195.0 ambulo as. ululo as maculo as pululo as. simulo as. exulo as.

2498.0 1126.0 544.0 196.0 spiranti

2449.0 1562.0 101.0 178.0 S

436.0 3519.0 1961.0 234.0 ambulo as ululo um uculo us. similo as. cum
