3364 4186
1723 293 178 132 26

345.0 572.0 1961.0 177.0 uallum uacillum. scintilla. stilla diriuata generali regula iure pri¬

348.0 694.0 1965.0 185.0 mę sunt coniugationis, in lor q̃q̃ desinentia prime sunt omnia

345.0 809.0 1965.0 192.0 ut pallor, unde .v. liƀ. uergilius dixit pallantes troas agebat.

355.0 938.0 1895.0 188.0 praestulor fabulor osculor adulor regulor emulor. epulor

352.0 1056.0 1986.0 220.0 gratulor iaculor, In mo desinentia quacumque uocali seu con¬

341.0 1203.0 1913.0 188.0 sonante preposita, primitiua seu deriuatiua, primę sunt con¬

352.0 1329.0 1923.0 191.0 iugatonis. ut amo. clamo. estimo. domo humo auctumo. hiemo.

345.0 1454.0 1951.0 189.0 fumo. spumo flammo armo. lacrimo.firmo ; Nisi sint primi¬

341.0 1559.0 1983.0 195.0 tiuae. breuem habentia, Tunc enim tertiae sunt coniugationis.

338.0 1681.0 1972.0 192.0 ut emo is. gemo is, premo is.tremo is. notatur prime:

338.0 1799.0 1958.0 203.0 cremo as; I quoque breuitante mo inuenta. primę sunt; ut es¬

348.0 1918.0 1920.0 192.0 timo as. lacrimo as exanimo as, Nisi composita sint ex his quę

352.0 2030.0 2083.0 206.0 e ante mo habent. in simplicitate & in compositione eam e in i mu¬

335.0 2131.0 1943.0 220.0 tauerunt. Tunc autem solius tertiae sunt coniugationis. ut com¬

345.0 2256.0 1916.0 210.0 primo. exprimo interimo adimo dirimo. in quibus notantur

338.0 2382.0 1940.0 202.0 demo is, promo is, quia abeo quod ÷ emo is. secundum quosdam cõ¬

338.0 2511.0 1947.0 206.0 posita longitudinẽ praepositionis seruauerunt, sicut perimo is

338.0 2626.0 1905.0 203.0 breuitatem, Quibusdam non ab eo uidentur composita. Item

338.0 2734.0 1930.0 210.0 sumo solum tertię coniugationis inuenitur .u. longam seruans.

338.0 2849.0 1905.0 213.0 sicut uomo .o. breuem ante mo habuit. & como. penultima

338.0 2961.0 1870.0 220.0 longa .a. compono concissum. ut ẽ apud statium thebaidos,

335.0 3066.0 1971.0 240.0 liƀ .iiii. inplet amore sui comunt. furor ireͣq: cristas. apud eũn¬

338.0 3188.0 1891.0 223.0 dem libro viii.; hunc toto capies ꝓ corpore crinem; Comere

352.0 3324.0 1818.0 216.0 quem frustra me dignante solebas, In mor pauca quidem

362.0 3456.0 1843.0 248.0 primę tamen inueniuntur quippe a nomine deriuata
