3408 4174
1033.0 563.0 1960.0 146.0 ut rimor rimar a rima. racemor aris a racemo; in no desinentia uocali quacũ

1030.0 681.0 1988.0 157.0 que antecedente. breui ł longa. primę sunt solius coniugationis, ut no nas

1030.0 806.0 1974.0 160.0 monosyllabum;Ouidius in liƀ .i. metaforfoseon nat lupus inter oues breui

1033.0 932.0 1985.0 149.0 ut mino as. longa ut sano as, mano as. ceno as. alieno as. sereno as. .i. breui ante

1019.0 1057.0 1950.0 163.0 cedente ut gemino termino contamino attamino fascino. inquino disti

1023.0 1179.0 1949.0 177.0 no. nomino. procrastino. conglutino. longa .i. ꝓpino iuuenalis liƀ .i. quan

1013.0 1307.0 1977.0 167.0 do ꝓpina uero tibi- delinao as sopino. festino. diuino; Item longa.o.

1009.0 1443.0 1876.0 160.0 obso. Terrentius in adelfis obsonat, potat ol& ungenta, dono as;

1009.0 1558.0 1963.0 156.0 Item breui o. sono as, tono as; Item .u. longa antecedente. ieiuno as. ex

1009.0 1686.0 1929.0 150.0 ceptis paucis quę tertię sunt coniugationis; ut primitiua cum pleraque

1023.0 1770.0 1939.0 209.0 predictorum. riuatiua sint; & unumquidem exceptorum a breuem

1009.0 1909.0 1942.0 174.0 ante no. hab&. ut cano.i. quam in .i. motant. ex eo conposita ut occino. con

1013.0 2020.0 1932.0 164.0 cino. succino. persius cui uerba quid istas succinis ambages; duo uer

1016.0 2160.0 1887.0 149.0 ba.i. ante no habent .lino is sino is. & unum .o. pono is. & quicquid

1009.0 2257.0 1974.0 153.0 ab eis componitur. oblino is .desino is. compono is. repono is. & similia;

1009.0 2368.0 1991.0 181.0 consonante quucum que antecedente primae sunt similiter coniuga

1006.0 2473.0 1959.0 205.0 tionis quippe inominibus pleraque traducta; ut dampno as. pugno as.

1009.0 2601.0 1942.0 181.0 signo as, regno as, uerno as. hiberno as; exceptis. Item primitiuis &

1006.0 2709.0 1883.0 205.0 ad tertia iure uenientibus coniugationem, sperno is, sterno is

1002.0 2820.0 1932.0 209.0 tempno is. cerno is. ex quo decerno & discerno & omnibus que ab eis sin

1016.0 2953.0 1932.0 219.0 gulis componuntur; In nor desinentia communia ł deponentia simi

1023.0 3064.0 1897.0 226.0 liter primę sunt solius coniugationis; ut opinor aris. conor aris cri

1033.0 3200.0 1894.0 205.0 minor aris dignor aris. peregrinor aris. patrocinor aris. uaticinor

1019.0 3332.0 1870.0 191.0 aris. uenor aris. minor aris. Omnia communia ł deponentia con

1023.0 3440.0 1859.0 222.0 sonante atecedente .or. primę sunt coniugationis ut minor
