3364 4186
1670 223 193 118 28

303.0 418.0 1902.0 325.0 item tero teris detero protero; Item sero is, et quę exeo com

335.0 544.0 1835.0 300.0 ponuntur insero dissero ꝓsero desero;nam obsero as iure

359.0 655.0 1804.0 297.0 primae est coniugationis ẽ a nomine id ẽ haec sera huius serę

359.0 795.0 1818.0 272.0 et ab eo compositum resero as; Item queror deponens correp

355.0 899.0 1822.0 294.0 ta paenultima quereris; fero etiam qđ licet anomalum ẽ

345.0 1015.0 1849.0 317.0 tertię tamen eẽ coniugationis ex quibusdam eius motibus

380.0 1144.0 1811.0 268.0 ostenditur, et ab eo similit̃ deriuata; ut infero suffero ꝑfero;

373.0 1269.0 1877.0 293.0 uociferor , qđ ẽ a fero. et morigeror, qđ÷ a gero compositũ

376.0 1395.0 1843.0 279.0 ł quia cum nominibus componuntur, iurae prime sunt con

394.0 1517.0 1916.0 279.0 iugationis uerborum. obseruandum tamen ÷ qđ uerba quae superius

394.0 1632.0 1863.0 262.0 ut tertiae coniugationis uerborum notauimus, omnia dis

362.0 1726.0 1916.0 314.0 syllaba sunt, qđ in aliis e ante ro habentibus raro inuenit᷑.

418.0 1869.0 1839.0 258.0 & quacumq: alia uocali antecedente ro syllabam similiter

429.0 1995.0 1842.0 254.0 uerba sunt primę s̃ coniugationis,  ut aro aras, oro as.paro as.

432.0 2117.0 1811.0 265.0 spero as. spiro as. delibero as. uoro as. ploro as. roboro as.

436.0 2236.0 1926.0 286.0 Horatius carminum. liƀ .iiii. rectiq: cult'. pectora roborant.

446.0 2365.0 1909.0 265.0 laboro obscuro as. instauro inauro. figuro. oratius a episto

467.0 2490.0 1940.0 269.0 larum . liƀ .v. os tenerum . pueri. balbumq: poeta figurat;

474.0 2623.0 1881.0 254.0 exceptis uro uris et quaero. is actiuũ, ex quo composita

485.0 2741.0 1891.0 227.0 licet ae diphthongũ in i longam conuertunt, coniugationem

481.0 2863.0 1867.0 227.0 tamen seruant ut inquiro ris. lucanus liƀ. viiii. inquire in

512.0 2975.0 1913.0 241.0 in fata nefandi cęsaris; conquiro.  conquiris. consonante et e

425.0 3076.0 1982.0 276.0 tiã qualicumq: antecedente primae sunt, ut celebro as, tenebro

540.0 3191.0 1860.0 300.0 is. obsecro as. consecro as. quadro as. migro as. latro as. lustro

540.0 3381.0 1815.0 215.0 as.  narro as. erro as. notantur tertiae coniugationis uerro is;
