3408 4174
1127.0 532.0 1873.0 184.0 situs aquar̃ ritauit clausit q; amnem; lacto ter¬

1124.0 640.0 1831.0 194.0 rentius in andria eor̃ animas lactas. ldẽ in eo¬

1134.0 751.0 1905.0 202.0 dẽ nisi me lactasses amantem; marito as. statius

1127.0 848.0 1905.0 240.0 liƀ ii achilleidos dũ pellea dulce marit& peleon

1117.0 970.0 1803.0 219.0 horatius in eppodo; altos maritat populos.

1117.0 1099.0 1814.0 215.0 laeto as. Ouidius in ibide quiq; ligocordigen

1120.0 1241.0 1818.0 209.0 letauit ex arbore natã. idem in iii metafor¬

1117.0 1370.0 1848.0 212.0 foseon loetataq: corpora ludit; exceptis paucis

1120.0 1485.0 1835.0 215.0 tertiae coniuiationis que s̃ dyssyllaba & primi¬

1117.0 1596.0 1793.0 216.0 tiua a quidẽ antecedente; scato is lic& non sit

1103.0 1707.0 1821.0 219.0 frequens eius usus cui; Infinitiuũ lucretius in iii liƀ

1082.0 1846.0 1901.0 199.0 ꝓtulit largifluam. fontẽ scatere adque erũpere

1106.0 1975.0 1898.0 209.0 lum̃. Ex quo oratiuſ participii presentis accusatiuũ

1100.0 2080.0 1810.0 201.0 in iii liƀ carminũ refert cite. europe niuẽ. doloso

1100.0 2208.0 1838.0 195.0 credidit at turo latus et scatentem beluis pontẽ m¬

1089.0 2313.0 1842.0 198.0 ediasq; fraudes palluit audax; E autẽ uocali ante¬

1093.0 2427.0 1862.0 209.0 cedente ut fleto necto pecto is .R. similater ante

1086.0 2577.0 1775.0 163.0 cedente ut uerto. is. sterto is. sisto is mitto is

1058.0 2685.0 1897.0 181.0 IN tor quoq; deponentia ł cõmunia primae s̃. ut scru¬

1079.0 2807.0 1855.0 180.0 tor aris testor aris antestor aris. horatius. ser̃ li¬

1075.0 2925.0 1856.0 188.0 ƀ i. antestaris notantur tertiae plecto¬

1065.0 3033.0 1886.0 219.0 r ãplector cõplector nitor utor. & ab eis cõposi¬

1054.0 3182.0 1866.0 171.0 ta uertor quoq: et reuertor; In uo u. uocali ꝓ c̃¬

1058.0 3304.0 1869.0 181.0 sonante ante o posita omnia primae s̃ coniugati¬

1068.0 3415.0 1727.0 216.0 onis pleraq: enĩ s̃ diriuitiua ut leuo uas seruo.
