3408 4174
1113 365 1804 219 in uiolata

1110.0 556.0 1782.0 188.0 as et crepo is. unde et crepere.et fulgeo es

1117.0 664.0 1800.0 198.0 et fulgo is. Vnde et fulgere ł ferueo fer¬

1120.0 782.0 1779.0 202.0 ues. et feruo. uis. unde et feruere. Oleo

1117.0 921.0 1814.0 174.0 oles et olo is unde olere penultima correpta.

1124.0 1029.0 1793.0 184.0 strido is et strideo es. sicut albo as et albeo

1141.0 1151.0 1779.0 184.0 albes denso as et denseo. es. duro ras et

1138.0 1273.0 1775.0 191.0 dureo es. maturo as et matureo es . ex ꝗb;

1131.0 1422.0 1838.0 174.0 induruit et maturuit perfecta ueniunt; hęc

1141.0 1530.0 1828.0 198.0 auctor itas sola uetꝰtatis ñ artis tradidit

1145.0 1669.0 1848.0 171.0 ratio; Vnde nec motꝰ hec eadẽ ũba tritos et

1145.0 1756.0 1820.0 212.0 usitatos inutraq. c̃iugatione habere nos

1134.0 1906.0 1838.0 181.0 cunt᷑; Cũ nominib; autem conposita uerba

1155.0 2034.0 1796.0 178.0 mutuant plerũq. coniugatianem. Nã gene¬

1152.0 2156.0 1782.0 157.0 rali ręgulę nominũ. subiecta et quasi a no¬

1155.0 2274.0 1730.0 157.0 minib; diriuata iure ad primã ueniunt

1152.0 2382.0 1775.0 174.0 coniugationẽ ũborũ ut litigo as remigo

1155.0 2507.0 1803.0 164.0 as uocifero as raris morigeror aris.

1155.0 2640.0 1796.0 142.0 Et maxime excludentia .i. quã in simplici

1166.0 2747.0 1782.0 160.0 uerbo habuer̃ ante .o. etiam. sicum prae¬

1162.0 2880.0 1856.0 156.0 positione conponuntur mutant c̃iugationẽ

1169.0 2980.0 1863.0 178.0 ut edifico as. significo as. sacrifico as c̃ficio.

1176.0 3130.0 1796.0 157.0 laetifico. amplifico. trifico . mancipo quo¬

1173.0 3220.0 1799.0 227.0 que aucupo. paticipo lic̃ poss̃ haec quasi

1173.0 3346.0 1845.0 191.0 a nominibus manceps et auceps et particeps.

1197.0 3460.0 1793.0 237.0 sic̃ uindico as. iudico as. Auspicor aris.
