3364 4186
2017 317 157 132 32.

481.0 610.0 1808.0 171.0 a nominibus uindex iudex index auspex ue

436.0 736.0 1846.0 157.0 nientia iure primae esse uidentur idemq. etiã

422.0 830.0 1856.0 188.0 de superioribus potest intellegi. ut a laetificꝰ

408.0 948.0 1884.0 192.0 sacrificꝰ amplificꝰ t̃rificꝰ nominib; quae sunt

411.0 1074.0 1878.0 167.0 in usu, ũba deducuntur. His quesi milit̃ excur

404.0 1186.0 1857.0 177.0 risse uident᷑ aedifico et significo uerba

390.0 1311.0 1899.0 195.0 quae lic̃ careant appositis. et aliorum simi

369.0 1444.0 1941.0 188.0 litudine cõpositis nominib;. et cũ solis tantũ

369.0 1573.0 1902.0 178.0 praeposationibus uerba cõposita si in conpo

369.0 1698.0 1948.0 164.0 sitione careant i. qđ habuer̃ in simplicitate

369.0 1831.0 1902.0 153.0 mutant c̃iugationem ut capio.is. qđ ẽ t̃tię

373.0 1925.0 1870.0 178.0 primae fiunt c̃iugationis ut anticipo as occu

380.0 2023.0 1905.0 206.0 po as Ut enim a nominibus uerba diriuata

355.0 2134.0 1888.0 199.0 .e. uł .i. addentia una syllaba genitiuum

373.0 2281.0 1870.0 192.0 primitiui solent uincere ut canꝰ cani caneo . In

362.0 2413.0 1839.0 171.0 sanus insani insanio sors.tis. sortior . et con

348.0 2536.0 1892.0 181.0 trario a uerbis in eo uł inio uł muo desinen

345.0 2651.0 1905.0 181.0 tibus traducta nomina quae e uł .i. uel .u.

348.0 2759.0 1888.0 216.0 uocales excludunt min' una syllaba ꝓferun

335.0 2905.0 1884.0 171.0 tur. ut arceo arcꝰ ꝑfugio p̃fuga aduenio

348.0 3006.0 1864.0 161.0 aduena gradior gradus. tribuo tribus

359.0 3108.0 1842.0 184.0 metuo metꝰ sic etiã in ipsis uerbis solet

338.0 3226.0 1898.0 178.0 euenire ut in io desinentia uerba si in conpo

314.0 3331.0 1898.0 206.0 sitione .i. excludant omnib; modis unã .mi

321.0 3467.0 1839.0 206.0 nuentiã syllabam coniugationem quoq.
