3456 4176
1058 595 1848 128 in libro tertio legimus. hos ne ego conplexus genetrix

1054 706 1848 125 osculanati hec uestra tuor  sic quos extremo infine

1068 831 1914 129 ligauit . ex quo conpositum etiam intuor. idem in eodẽ

1075 936 1848 149 libro dixit armigeras summi iouis saltantesq; cater

1064 1054 1873 143 uas intuor. in achii sunt hi tibi concipere reges. idem

1075 1165 1914 164 etiam aliud abeo cõpositū in .vii. libro tebaidos extu

1068 1291 1886 160 lit . contuor utnamq; modo infensos utero mihi con

1092 1402 1848 181 tuor enses . Sola itaq; prima coniugatio syllbas

1099 1538 1834 149 genetiuorũ nominis custo dire solet in uerbi traduc

1092 1656 1883 146 tione notatis illis paucis terminationib; in co ł in o

1092 1767 1873 153 ł inlo ł in cinor.ł in cito . et in uo. a quarta declinati

1099 1875 1866 167 one traductis et a quinta et sique fiunt tales deri

1089 1997 1876 153 uationes . quas quas ÷ aliorũ ÷ p̃ter morem crescen

1075 2126 1904 139 tes superius obseruauimus. illo quoq: generaliter

1103 2230 1858 153 ut om̃is ambiguitas tollatur addendo; qđ licet

1096 2352 1837 146 duplex sit terminatio latinorũ in positione uer

1099 2474 1848 139 borũ id÷ aut in o aut in or indicatiuo p̃senti desi

1099 2585 1939 153 nens absq; correptis que regulis analogie carent

1092 2693 1862 139 ut sũ es est . prosũ. do et similib; Sciendũ est in

1089 2801 1858 170 or quidẽ desinentia uerba si passiua sunt suorũ

1089 2926 1900 167 actiuorum coniugationẽ seruare id ÷ siue uoca

1089 3055 1883 157 lis siue consonans sit ante o addita .r. littera non

1099 3177 1866 163 mutatur coniugatio si permaneat eadẽ uerbi sig

1103 3295 1890 181 nificatio . ut curo curor. deceo doceor. scribo scri

1110 3431 1837 184 bor. audio audior. Mutato uero genere uel sig

824 1277 209 327 XII
