<?xml version="1.0" encoding="UTF-8"?>
<alto xmlns:xsi="http://www.w3.org/2001/XMLSchema-instance"
      xmlns="http://www.loc.gov/standards/alto/ns-v4#"
      xsi:schemaLocation="http://www.loc.gov/standards/alto/ns-v4# http://www.loc.gov/standards/alto/v4/alto-4-2.xsd">
  <Description>
    <MeasurementUnit>pixel</MeasurementUnit>
    <sourceImageInformation>
      <fileName>page_66.jpg</fileName>
      
    </sourceImageInformation>
  </Description>
  
  <Tags>
    <OtherTag ID="BT1897" LABEL="DropCapitalZone" DESCRIPTION="block type DropCapitalZone"/><OtherTag ID="BT1899" LABEL="MainZone" DESCRIPTION="block type MainZone"/><OtherTag ID="BT2912" LABEL="GraphicZone" DESCRIPTION="block type GraphicZone"/><OtherTag ID="BT2913" LABEL="NumberingZone" DESCRIPTION="block type NumberingZone"/><OtherTag ID="BT2914" LABEL="MarginTextZone" DESCRIPTION="block type MarginTextZone"/><OtherTag ID="BT2915" LABEL="TableZone" DESCRIPTION="block type TableZone"/><OtherTag ID="BT2916" LABEL="MainZone#1" DESCRIPTION="block type MainZone#1"/><OtherTag ID="BT2917" LABEL="MainZone#2" DESCRIPTION="block type MainZone#2"/><OtherTag ID="BT2918" LABEL="MainZone#3" DESCRIPTION="block type MainZone#3"/><OtherTag ID="BT2919" LABEL="MainZone#4" DESCRIPTION="block type MainZone#4"/><OtherTag ID="BT2920" LABEL="MainZone#5" DESCRIPTION="block type MainZone#5"/><OtherTag ID="BT2921" LABEL="MainZone#6" DESCRIPTION="block type MainZone#6"/><OtherTag ID="BT2922" LABEL="MainZone#7" DESCRIPTION="block type MainZone#7"/><OtherTag ID="BT2923" LABEL="MarginTextZone#1" DESCRIPTION="block type MarginTextZone#1"/><OtherTag ID="BT2924" LABEL="MarginTextZone#2" DESCRIPTION="block type MarginTextZone#2"/><OtherTag ID="BT2925" LABEL="MarginTextZone#3" DESCRIPTION="block type MarginTextZone#3"/><OtherTag ID="BT2926" LABEL="MarginTextZone#4" DESCRIPTION="block type MarginTextZone#4"/><OtherTag ID="BT2927" LABEL="MusicZone" DESCRIPTION="block type MusicZone"/><OtherTag ID="BT2966" LABEL="MarginTextZone#5" DESCRIPTION="block type MarginTextZone#5"/>
    <OtherTag ID="LT656" LABEL="DropCapitalLine" DESCRIPTION="line type DropCapitalLine"/><OtherTag ID="LT657" LABEL="HeadingLine" DESCRIPTION="line type HeadingLine"/><OtherTag ID="LT659" LABEL="MusicLine" DESCRIPTION="line type MusicLine"/><OtherTag ID="LT1037" LABEL="DefaultLine" DESCRIPTION="line type DefaultLine"/><OtherTag ID="LT1039" LABEL="InterlinearLine" DESCRIPTION="line type InterlinearLine"/>
  </Tags>
  
  <Layout>
    <Page WIDTH="3408"
          HEIGHT="4174"
          PHYSICAL_IMG_NR="53"
          ID="eSc_dummypage_">
      <PrintSpace HPOS="0"
                  VPOS="0"
                  WIDTH="3408"
                  HEIGHT="4174">
        
        <TextBlock HPOS="929"
                   VPOS="459"
                   WIDTH="2190"
                   HEIGHT="3174"
                   ID="eSc_textblock_5c5ea9ba"
                   TAGREFS="BT1899">
          <Shape><Polygon POINTS="1057 459 929 3633 3119 3618 3119 459"/></Shape>
          
          
          <TextLine ID="eSc_line_414159a4"
                    TAGREFS="LT1037"
                    BASELINE="1127 594 1900 619 2321 660 2958 685" 
                    HPOS="1124"
                    VPOS="511"
                    WIDTH="1834"
                    HEIGHT="195">
            <Shape><Polygon POINTS="1127 594 1124 514 1771 511 1775 511 2001 521 2005 521 2008 521 2060 553 2116 542 2119 542 2123 542 2161 560 2168 560 2172 560 2227 542 2231 542 2234 542 2238 542 2276 563 2307 542 2311 542 2314 542 2318 542 2321 542 2398 570 2408 573 2725 584 2729 584 2791 556 2795 556 2798 556 2958 594 2958 685 2955 706 1218 615 1124 626"/></Shape>
	    <String CONTENT="Statius thebaidos. liƀ .iiii. sat dubiũ coetu solent"
                    HPOS="1124"
                    VPOS="511"
                    WIDTH="1834"
                    HEIGHT="195"></String>
          </TextLine>

          
          
          <TextLine ID="eSc_line_09967ad3"
                    TAGREFS="LT1037"
                    BASELINE="1124 726 1952 747 2520 803 3101 817" 
                    HPOS="1117"
                    VPOS="626"
                    WIDTH="1984"
                    HEIGHT="226">
            <Shape><Polygon POINTS="1124 726 1117 650 1176 626 1180 626 1183 626 1187 626 1294 653 1364 633 1368 633 1371 633 1375 633 1378 633 1378 636 1409 660 1409 664 1465 664 1469 664 1510 643 1514 643 1517 643 1521 643 1587 667 1653 643 1657 643 1660 643 1876 667 2029 657 2032 657 2168 671 2172 671 2175 671 2175 674 2196 695 2200 695 2220 695 2513 678 2516 678 2520 678 2523 678 2523 681 2558 709 2558 713 3101 733 3101 817 3098 852 2958 848 2955 848 2951 848 2951 845 2927 824 2875 841 2861 845 2857 845 2854 845 2851 845 2847 845 2844 838 2826 827 2624 827 2450 827 2447 827 2443 827 2440 827 2426 817 2405 803 2311 810 2220 817 2217 817 2213 817 2172 803 2109 782 1998 793 1991 793 1987 793 1963 793 1764 772 1744 779 1709 796 1705 796 1702 796 1698 796 1650 775 1618 758 1288 747 1270 754 1242 765 1239 765 1235 765 1117 744"/></Shape>
	    <String CONTENT="&amp; in mortẽ fallore &amp; incultos aris aduerrere crines."
                    HPOS="1117"
                    VPOS="626"
                    WIDTH="1984"
                    HEIGHT="226"></String>
          </TextLine>

          
          
          <TextLine ID="eSc_line_1a27caf9"
                    TAGREFS="LT1037"
                    BASELINE="1117 841 2001 859 2579 914 2931 921" 
                    HPOS="1110"
                    VPOS="726"
                    WIDTH="1824"
                    HEIGHT="227">
            <Shape><Polygon POINTS="1117 841 1120 726 1204 747 1249 737 1253 737 1256 737 1260 737 1319 768 1437 744 1451 740 1455 740 1458 740 1462 740 1462 744 1465 744 1479 761 1528 747 1542 744 1545 744 1549 744 1552 744 1556 744 1559 747 1587 768 1914 768 2123 768 2126 768 2130 768 2175 782 2248 806 2335 806 2363 793 2381 782 2384 782 2388 782 2391 782 2394 782 2408 793 2436 820 2934 824 2931 921 2924 953 2513 935 2509 935 2506 935 2499 932 2482 918 2415 925 2384 928 2381 928 2349 921 2217 886 2032 883 1970 900 1925 914 1921 914 1918 914 1914 914 1911 914 1886 897 1855 876 1535 876 1166 876 1162 876 1159 876 1110 852"/></Shape>
	    <String CONTENT="In ror desinentia deponentia ł cõmunia pri"
                    HPOS="1110"
                    VPOS="726"
                    WIDTH="1824"
                    HEIGHT="227"></String>
          </TextLine>

          
          
          <TextLine ID="eSc_line_6a29716c"
                    TAGREFS="LT1037"
                    BASELINE="1117 960 2290 1001 2652 1043 2997 1057" 
                    HPOS="1106"
                    VPOS="862"
                    WIDTH="1898"
                    HEIGHT="209">
            <Shape><Polygon POINTS="1117 960 1106 890 1134 869 1138 869 1141 869 1145 869 1148 869 1211 886 1242 862 1246 862 1249 862 1253 862 1354 866 1514 904 1549 880 1552 880 1556 880 1559 880 1563 880 1629 897 1730 883 1733 883 1737 883 1740 883 1771 907 2321 907 2325 907 2422 946 2840 946 2844 946 2910 963 2965 946 2969 946 2972 946 2976 946 2979 946 3004 966 2997 1057 2993 1071 2447 1053 2443 1053 2440 1053 2426 1043 2412 1029 2175 1015 2102 1026 2015 1036 2012 1036 2008 1036 2005 1036 1980 1019 1973 1012 1597 991 1563 994 1469 1012 1465 1012 1462 1012 1420 987 1392 1008 1388 1008 1385 1008 1381 1008 1378 1008 1375 1008 1340 984 1277 1001 1274 1001 1270 1001 1110 970"/></Shape>
	    <String CONTENT="me s̃. Ut execror morigeror feneror minor mo"
                    HPOS="1106"
                    VPOS="862"
                    WIDTH="1898"
                    HEIGHT="209"></String>
          </TextLine>

          
          
          <TextLine ID="eSc_line_8a2647aa"
                    TAGREFS="LT1037"
                    BASELINE="1113 1078 2367 1116 2715 1161 2993 1168" 
                    HPOS="1110"
                    VPOS="973"
                    WIDTH="1883"
                    HEIGHT="213">
            <Shape><Polygon POINTS="1113 1078 1113 973 1288 1001 1371 987 1388 984 1392 984 1395 984 1402 987 1448 1012 1521 994 1535 991 1538 991 1542 991 1632 1001 1747 1012 1792 1008 1865 1001 1869 1001 1872 1001 1876 1001 1890 1015 1914 1033 2078 1022 2241 1015 2245 1015 2367 1040 2443 1053 2527 1046 2600 1043 2603 1043 2607 1043 2610 1043 2610 1046 2617 1053 2628 1064 2993 1074 2993 1168 2990 1186 2551 1158 2478 1165 2433 1168 2429 1168 2426 1168 2408 1161 2335 1133 2287 1158 2283 1158 2280 1158 2276 1158 2273 1158 2269 1158 2269 1154 2234 1126 2012 1123 1973 1144 1970 1144 1966 1144 1963 1144 1945 1140 1838 1116 1670 1130 1636 1130 1632 1130 1629 1130 1622 1126 1580 1106 1110 1106"/></Shape>
	    <String CONTENT="ror odoror furor. lucro . aris excepto queror ut"
                    HPOS="1110"
                    VPOS="973"
                    WIDTH="1883"
                    HEIGHT="213"></String>
          </TextLine>

          
          
          <TextLine ID="eSc_line_cb561005"
                    TAGREFS="LT1037"
                    BASELINE="1103 1206 2997 1273" 
                    HPOS="1093"
                    VPOS="1102"
                    WIDTH="1907"
                    HEIGHT="198">
            <Shape><Polygon POINTS="1103 1206 1100 1123 1221 1102 1225 1102 1228 1102 1315 1130 1319 1130 1347 1106 1347 1102 1350 1102 1354 1102 1357 1102 1361 1102 1364 1102 1402 1133 1406 1133 1423 1133 1695 1113 1698 1113 1900 1151 1904 1151 1907 1151 1991 1123 1994 1123 1998 1123 2301 1154 2394 1137 2398 1137 2401 1137 2464 1172 2694 1179 2882 1154 2885 1154 2889 1154 3000 1193 2997 1273 2990 1297 2729 1283 2722 1286 2708 1300 2704 1300 2701 1300 2697 1300 2694 1300 2635 1283 2617 1280 2607 1283 2579 1293 2576 1293 2572 1293 2569 1293 2565 1293 2565 1290 2551 1280 2548 1276 2541 1280 2502 1293 2499 1293 2495 1293 2492 1293 2461 1276 2443 1266 2196 1259 2179 1266 2133 1280 2130 1280 2126 1280 2123 1280 2064 1259 2050 1255 2022 1259 1904 1273 1900 1273 1757 1248 1733 1266 1730 1266 1726 1266 1723 1266 1514 1234 1489 1234 1479 1234 1343 1252 1340 1252 1336 1252 1253 1231 1211 1248 1207 1248 1204 1248 1200 1248 1093 1217"/></Shape>
	    <String CONTENT="ante dictũ ÷ tertiae; in so similit̃ primae s̃ ꝗa"
                    HPOS="1093"
                    VPOS="1102"
                    WIDTH="1907"
                    HEIGHT="198"></String>
          </TextLine>

          
          
          <TextLine ID="eSc_line_77850918"
                    TAGREFS="LT1037"
                    BASELINE="1093 1332 2924 1398" 
                    HPOS="1086"
                    VPOS="1213"
                    WIDTH="1841"
                    HEIGHT="199">
            <Shape><Polygon POINTS="1093 1332 1089 1227 1176 1213 1180 1213 1183 1213 1232 1231 1284 1255 1375 1255 1413 1241 1458 1224 1462 1224 1465 1224 1660 1231 1663 1231 1712 1255 1740 1269 1862 1273 1977 1269 1977 1266 1998 1248 1998 1245 2001 1245 2005 1245 2008 1245 2217 1252 2220 1252 2224 1252 2255 1280 2259 1283 2342 1293 2488 1293 2499 1290 2562 1266 2565 1266 2569 1266 2572 1266 2576 1266 2576 1269 2603 1293 2603 1297 2624 1297 2729 1297 2791 1276 2795 1276 2798 1276 2802 1276 2927 1311 2924 1398 2917 1412 1086 1356"/></Shape>
	    <String CONTENT="diriuata s̃. nã ł a nominib; plera quediriuant᷑ ł"
                    HPOS="1086"
                    VPOS="1213"
                    WIDTH="1841"
                    HEIGHT="199"></String>
          </TextLine>

          
          
          <TextLine ID="eSc_line_34297643"
                    TAGREFS="LT1037"
                    BASELINE="1093 1453 1938 1474 2294 1506 2969 1523" 
                    HPOS="1086"
                    VPOS="1356"
                    WIDTH="1886"
                    HEIGHT="198">
            <Shape><Polygon POINTS="1093 1453 1086 1384 1145 1356 1148 1356 1152 1356 1155 1356 1211 1380 1517 1366 1521 1366 1681 1398 1945 1380 1949 1380 2085 1412 2273 1398 2276 1398 2408 1422 2506 1401 2509 1401 2589 1401 2593 1401 2596 1401 2638 1429 2833 1408 2837 1408 2840 1408 2972 1443 2969 1523 2962 1554 2767 1551 2763 1551 2750 1547 2708 1530 2683 1544 2680 1547 2676 1547 2673 1547 2670 1547 2307 1537 2304 1537 2301 1537 2301 1533 2297 1533 2294 1526 2287 1520 2259 1523 2207 1533 2203 1533 2137 1520 2057 1499 1744 1492 1667 1499 1524 1513 1521 1513 1517 1513 1434 1488 1406 1478 1086 1471"/></Shape>
	    <String CONTENT="certe frequentatiua st̃ ut lasso penso spiso. denso"
                    HPOS="1086"
                    VPOS="1356"
                    WIDTH="1886"
                    HEIGHT="198"></String>
          </TextLine>

          
          
          <TextLine ID="eSc_line_1debe020"
                    TAGREFS="LT1037"
                    BASELINE="1082 1579 2001 1596 2374 1641 2885 1655" 
                    HPOS="1075"
                    VPOS="1474"
                    WIDTH="1810"
                    HEIGHT="202">
            <Shape><Polygon POINTS="1082 1579 1075 1495 1148 1474 1152 1474 1155 1474 1409 1495 1437 1481 1441 1481 1444 1481 1448 1481 1451 1481 1493 1513 1500 1516 1503 1513 1542 1485 1545 1485 1549 1485 1552 1485 1709 1516 1796 1492 1799 1492 1803 1492 1806 1492 1914 1520 2109 1513 2113 1513 2116 1513 2207 1540 2238 1554 2882 1572 2885 1655 2878 1676 2342 1666 2339 1666 2328 1662 2297 1648 2262 1659 2252 1662 2248 1662 2245 1662 2241 1662 2231 1659 2196 1645 2144 1655 2130 1659 2126 1659 2123 1659 2116 1655 2060 1624 1580 1610 1079 1624"/></Shape>
	    <String CONTENT="qđ &amp; denseo secundę coniugationis. ut in eo t̃"
                    HPOS="1075"
                    VPOS="1474"
                    WIDTH="1810"
                    HEIGHT="202"></String>
          </TextLine>

          
          
          <TextLine ID="eSc_line_250864cb"
                    TAGREFS="LT1037"
                    BASELINE="1079 1693 2165 1711 2857 1770" 
                    HPOS="1072"
                    VPOS="1600"
                    WIDTH="1785"
                    HEIGHT="187">
            <Shape><Polygon POINTS="1079 1693 1079 1617 1322 1624 1333 1624 1406 1600 1409 1600 1413 1600 1674 1631 1709 1634 1733 1634 1893 1617 1897 1617 1900 1617 1904 1617 1925 1638 2381 1638 2384 1638 2388 1638 2388 1641 2401 1652 2412 1666 2857 1666 2857 1770 2851 1787 2415 1773 2412 1773 2405 1770 2335 1739 2179 1732 1796 1721 1657 1739 1608 1746 1604 1746 1601 1746 1573 1735 1545 1728 1496 1735 1448 1739 1444 1739 1441 1739 1437 1739 1437 1735 1430 1732 1416 1718 1399 1728 1399 1732 1395 1732 1392 1732 1388 1732 1072 1714"/></Shape>
	    <String CONTENT="minatũ lic&amp; raro lectũ inuenit᷑ ut extulit"
                    HPOS="1072"
                    VPOS="1600"
                    WIDTH="1785"
                    HEIGHT="187"></String>
          </TextLine>

          
          
          <TextLine ID="eSc_line_95100517"
                    TAGREFS="LT1037"
                    BASELINE="1065 1815 2217 1836 2965 1874" 
                    HPOS="1058"
                    VPOS="1707"
                    WIDTH="1907"
                    HEIGHT="188">
            <Shape><Polygon POINTS="1065 1815 1061 1714 1329 1707 1333 1707 1336 1707 1340 1707 1361 1725 1381 1739 1430 1728 1455 1721 1458 1721 1462 1721 1618 1735 1799 1749 1838 1742 1921 1725 1925 1725 1928 1725 1932 1725 1932 1728 1952 1746 1998 1728 2001 1728 2005 1728 2008 1728 2050 1749 2057 1753 2088 1753 2245 1742 2248 1742 2965 1787 2965 1874 2962 1895 2649 1895 2645 1892 2642 1892 2614 1881 2572 1864 2415 1864 2391 1874 2370 1885 2367 1885 2363 1885 2360 1885 2356 1885 2356 1881 2346 1874 2332 1864 2321 1871 2311 1881 2307 1881 2304 1881 2301 1881 2297 1881 2294 1881 2276 1871 2255 1857 1959 1850 1879 1857 1789 1867 1785 1867 1782 1867 1778 1867 1757 1853 1747 1850 1660 1850 1347 1857 1343 1857 1058 1829"/></Shape>
	    <String CONTENT="in liƀ .i. georgicon; dens. erant que raro modo.&amp;"
                    HPOS="1058"
                    VPOS="1707"
                    WIDTH="1907"
                    HEIGHT="188"></String>
          </TextLine>

          
          
          <TextLine ID="eSc_line_bd0b0291"
                    TAGREFS="LT1037"
                    BASELINE="1072 1940 2391 1972 2972 2003" 
                    HPOS="1068"
                    VPOS="1833"
                    WIDTH="1904"
                    HEIGHT="191">
            <Shape><Polygon POINTS="1072 1940 1072 1864 1134 1864 1176 1833 1180 1833 1183 1833 1187 1833 1190 1833 1194 1833 1194 1836 1225 1864 1305 1840 1308 1840 1312 1840 1315 1840 1319 1840 1361 1867 1423 1833 1427 1833 1430 1833 1500 1833 1503 1833 1507 1833 1507 1836 1545 1874 1615 1878 1650 1878 1653 1878 1698 1840 1702 1840 1705 1840 1709 1840 1757 1840 1907 1846 1911 1846 2012 1881 2099 1850 2102 1850 2106 1850 2234 1853 2238 1853 2241 1853 2283 1888 2349 1899 2367 1899 2370 1899 2408 1878 2412 1878 2415 1878 2534 1899 2638 1881 2642 1881 2645 1881 2694 1906 2732 1888 2736 1888 2739 1888 2743 1888 2746 1888 2781 1909 2784 1913 2972 1916 2972 2003 2965 2024 2363 1993 2217 2006 2168 2010 2165 2010 2161 2010 2151 2003 2116 1986 1956 2000 1904 2003 1900 2003 1897 2003 1893 2003 1886 2000 1862 1982 1827 1996 1824 1996 1820 1996 1813 1996 1709 1975 1563 1989 1517 1993 1514 1993 1455 1986 1242 1961 1068 1975"/></Shape>
	    <String CONTENT="q̃ densa relaxat . ldẽ in xii libro. aeneidos uos un"
                    HPOS="1068"
                    VPOS="1833"
                    WIDTH="1904"
                    HEIGHT="191"></String>
          </TextLine>

          
          
          <TextLine ID="eSc_line_f9c314df"
                    TAGREFS="LT1037"
                    BASELINE="1065 2055 1841 2093 2878 2114" 
                    HPOS="1058"
                    VPOS="1958"
                    WIDTH="1824"
                    HEIGHT="191">
            <Shape><Polygon POINTS="1065 2055 1065 1982 1288 1986 1392 1958 1395 1958 1399 1958 1580 1972 1583 1972 1629 1996 1632 2000 1977 2006 2029 1982 2032 1982 2036 1982 2039 1982 2095 2006 2182 1986 2186 1986 2189 1986 2193 1986 2280 2013 2311 1989 2314 1989 2318 1989 2321 1989 2422 1989 2572 1996 2576 1996 2673 2027 2676 2031 2718 2031 2798 2031 2816 2013 2816 2010 2819 2010 2823 2010 2826 2010 2830 2010 2882 2034 2878 2114 2875 2128 2767 2149 2763 2149 2429 2118 2419 2118 2415 2118 2207 2132 2203 2132 2074 2111 1744 2118 1740 2118 1058 2076"/></Shape>
	    <String CONTENT="animi densate cat̃uas; cuĩ; infinit̃um. salustius."
                    HPOS="1058"
                    VPOS="1958"
                    WIDTH="1824"
                    HEIGHT="191"></String>
          </TextLine>

          
          
          <TextLine ID="eSc_line_3cf2f670"
                    TAGREFS="LT1037"
                    BASELINE="1044 2167 1844 2215 2896 2240" 
                    HPOS="1037"
                    VPOS="2062"
                    WIDTH="1859"
                    HEIGHT="216">
            <Shape><Polygon POINTS="1044 2167 1044 2062 1173 2083 1395 2076 1451 2076 1455 2076 1458 2076 1462 2076 1462 2080 1465 2080 1486 2100 1556 2083 1566 2083 1569 2083 1573 2083 1580 2083 1667 2118 2005 2125 2067 2107 2071 2107 2074 2107 2078 2107 2130 2128 2189 2111 2220 2104 2224 2104 2227 2104 2384 2111 2388 2111 2391 2111 2401 2121 2429 2146 2896 2146 2896 2240 2885 2278 2833 2260 2812 2274 2812 2278 2809 2278 2805 2278 2802 2278 2774 2274 2666 2253 2565 2264 2523 2267 2520 2267 2290 2250 2036 2233 2005 2236 1956 2247 1952 2247 1037 2191"/></Shape>
	    <String CONTENT="Historiar̃. liƀ ii. refert; ille subsidiis. principes"
                    HPOS="1037"
                    VPOS="2062"
                    WIDTH="1859"
                    HEIGHT="216"></String>
          </TextLine>

          
          
          <TextLine ID="eSc_line_3a40dd65"
                    TAGREFS="LT1037"
                    BASELINE="1058 2285 1618 2323 2906 2351" 
                    HPOS="1051"
                    VPOS="2191"
                    WIDTH="1855"
                    HEIGHT="195">
            <Shape><Polygon POINTS="1058 2285 1058 2191 1242 2219 1524 2205 1559 2205 1563 2205 1566 2205 1569 2205 1569 2208 1601 2229 1785 2215 1831 2212 1834 2212 1865 2215 1966 2236 2109 2226 2161 2222 2165 2222 2200 2229 2307 2250 2339 2233 2342 2233 2346 2233 2349 2233 2353 2233 2360 2233 2433 2253 2509 2240 2544 2233 2548 2233 2551 2233 2572 2240 2610 2257 2899 2253 2906 2351 2899 2386 1051 2313"/></Shape>
	    <String CONTENT="augere &amp; densere fontẽ; conuaso as; t̃erentius."
                    HPOS="1051"
                    VPOS="2191"
                    WIDTH="1855"
                    HEIGHT="195"></String>
          </TextLine>

          
          
          <TextLine ID="eSc_line_d971803b"
                    TAGREFS="LT1037"
                    BASELINE="1044 2410 2868 2452" 
                    HPOS="1040"
                    VPOS="2320"
                    WIDTH="1828"
                    HEIGHT="167">
            <Shape><Polygon POINTS="1044 2410 1044 2320 2868 2372 2868 2452 2864 2480 2610 2487 2607 2487 2603 2487 2582 2476 2555 2462 2485 2476 2436 2483 2433 2483 2429 2483 2408 2473 2381 2459 2328 2473 2311 2476 2307 2476 2304 2476 2217 2469 1994 2452 1970 2466 1966 2469 1963 2469 1959 2469 1956 2469 1528 2462 1524 2462 1514 2459 1475 2438 1357 2452 1354 2452 1350 2452 1347 2452 1347 2448 1343 2448 1333 2431 1155 2431 1040 2448"/></Shape>
	    <String CONTENT="in formione; cũ aliquid conuassẽ . aocusso. as."
                    HPOS="1040"
                    VPOS="2320"
                    WIDTH="1828"
                    HEIGHT="167"></String>
          </TextLine>

          
          
          <TextLine ID="eSc_line_72a502fd"
                    TAGREFS="LT1037"
                    BASELINE="1033 2518 2920 2580" 
                    HPOS="1026"
                    VPOS="2424"
                    WIDTH="1898"
                    HEIGHT="177">
            <Shape><Polygon POINTS="1033 2518 1040 2424 1061 2445 1183 2445 1207 2431 1218 2424 1221 2424 1225 2424 1228 2424 1232 2424 1260 2434 1301 2452 1357 2452 1375 2438 1381 2431 1385 2431 1388 2431 1392 2431 1395 2431 1399 2431 1409 2441 1423 2452 1437 2441 1441 2438 1444 2438 1448 2438 1451 2438 1482 2441 1563 2459 1813 2455 1932 2455 1935 2455 1998 2462 2092 2476 2109 2466 2140 2452 2144 2452 2147 2452 2151 2452 2231 2473 2234 2473 2238 2473 2283 2455 2287 2455 2290 2455 2294 2455 2297 2455 2332 2476 2335 2476 2388 2466 2391 2466 2394 2466 2436 2480 2454 2487 2464 2480 2488 2466 2492 2466 2495 2466 2499 2466 2586 2487 2617 2493 2624 2487 2642 2473 2642 2469 2645 2469 2649 2469 2652 2469 2816 2473 2819 2473 2924 2500 2920 2580 2913 2601 1026 2549"/></Shape>
	    <String CONTENT="morso. as. curso. cesso. excipient᷑ accerso. is; arces"
                    HPOS="1026"
                    VPOS="2424"
                    WIDTH="1898"
                    HEIGHT="177"></String>
          </TextLine>

          
          
          <TextLine ID="eSc_line_bb41581d"
                    TAGREFS="LT1037"
                    BASELINE="1016 2660 2903 2709" 
                    HPOS="1009"
                    VPOS="2553"
                    WIDTH="1894"
                    HEIGHT="191">
            <Shape><Polygon POINTS="1016 2660 1009 2580 1082 2553 1086 2553 1089 2553 1249 2556 1253 2556 1326 2584 1385 2563 1388 2563 1392 2563 1395 2563 1399 2563 1437 2587 1542 2567 1545 2567 1549 2567 1611 2591 1768 2570 1771 2570 1775 2570 1817 2594 1851 2573 1855 2573 1858 2573 1862 2573 1865 2573 1956 2601 2217 2580 2220 2580 2224 2580 2311 2605 2335 2584 2339 2584 2342 2584 2346 2584 2349 2584 2429 2608 2485 2591 2488 2591 2492 2591 2495 2591 2499 2591 2530 2615 2673 2594 2676 2594 2680 2594 2729 2619 2788 2598 2791 2598 2795 2598 2798 2598 2802 2598 2802 2601 2830 2626 2903 2629 2903 2709 2896 2744 2631 2713 2586 2727 2582 2727 2579 2727 2321 2706 2241 2730 2234 2730 2231 2730 2227 2730 2207 2727 2050 2699 1973 2723 1966 2723 1963 2723 1959 2723 1942 2720 1796 2692 1737 2713 1733 2713 1730 2713 1726 2713 1643 2688 1611 2702 1608 2702 1604 2702 1277 2678 1194 2702 1190 2702 1187 2702 1183 2702 1009 2695"/></Shape>
	    <String CONTENT="so is lacesso is facesso is capesso is pesso is. cesso is . in"
                    HPOS="1009"
                    VPOS="2553"
                    WIDTH="1894"
                    HEIGHT="191"></String>
          </TextLine>

          
          
          <TextLine ID="eSc_line_0f70195a"
                    TAGREFS="LT1037"
                    BASELINE="1016 2793 1601 2789 2871 2824" 
                    HPOS="1009"
                    VPOS="2681"
                    WIDTH="1862"
                    HEIGHT="167">
            <Shape><Polygon POINTS="1016 2793 1009 2702 1197 2681 1200 2681 1329 2702 1409 2692 1413 2692 1416 2692 1420 2692 1437 2709 1493 2688 1496 2688 1500 2688 1503 2688 1507 2688 1507 2692 1524 2706 1545 2692 1549 2692 1552 2692 1556 2692 1702 2713 1792 2695 1796 2695 1799 2695 1803 2695 1838 2716 1966 2702 1970 2702 2095 2723 2102 2723 2109 2723 2200 2702 2203 2702 2207 2702 2210 2702 2210 2706 2213 2706 2231 2727 2252 2727 2488 2709 2492 2709 2495 2709 2541 2733 2871 2740 2871 2824 2864 2848 1009 2803"/></Shape>
	    <String CONTENT="cesso is cui: inꝑsonale infinitũ.uergilius in xii."
                    HPOS="1009"
                    VPOS="2681"
                    WIDTH="1862"
                    HEIGHT="167"></String>
          </TextLine>

          
          
          <TextLine ID="eSc_line_41352994"
                    TAGREFS="LT1037"
                    BASELINE="1016 2900 1991 2907 2868 2963" 
                    HPOS="1013"
                    VPOS="2782"
                    WIDTH="1855"
                    HEIGHT="188">
            <Shape><Polygon POINTS="1016 2900 1016 2810 1061 2810 1065 2810 1089 2786 1089 2782 1093 2782 1096 2782 1100 2782 1235 2803 1322 2789 1326 2789 1329 2789 1395 2813 1416 2820 1444 2813 1531 2796 1535 2796 1538 2796 1542 2796 1569 2817 1587 2827 1663 2817 1768 2807 1771 2807 1775 2807 1810 2820 1831 2827 1848 2820 1893 2807 1897 2807 1900 2807 1904 2807 1945 2824 1987 2838 2092 2824 2133 2820 2137 2820 2140 2820 2154 2827 2200 2845 2280 2827 2321 2820 2325 2820 2381 2831 2548 2859 2638 2834 2649 2831 2652 2831 2656 2831 2659 2831 2670 2834 2767 2866 2861 2838 2868 2963 2861 2970 1013 2911"/></Shape>
	    <String CONTENT="liƀ dix̃ incessi. muros ignesq: ad tecta uolare;"
                    HPOS="1013"
                    VPOS="2782"
                    WIDTH="1855"
                    HEIGHT="188"></String>
          </TextLine>

          
          
          <TextLine ID="eSc_line_c18cc115"
                    TAGREFS="LT1037"
                    BASELINE="1002 3040 1966 3029 2321 3047 2631 3081 2899 3085" 
                    HPOS="988"
                    VPOS="2918"
                    WIDTH="1911"
                    HEIGHT="181">
            <Shape><Polygon POINTS="1002 3040 988 2956 1033 2918 1037 2918 1040 2918 1044 2918 1047 2918 1124 2956 1274 2932 1277 2932 1281 2932 1312 2949 1336 2932 1340 2932 1343 2932 1347 2932 1434 2939 1451 2925 1451 2921 1455 2921 1458 2921 1462 2921 1465 2921 1469 2921 1469 2925 1510 2963 1514 2963 1517 2963 1587 2918 1590 2918 1594 2918 1597 2918 1817 2918 1980 2946 2043 2921 2046 2921 2050 2921 2053 2921 2057 2921 2113 2956 2137 2939 2140 2939 2144 2939 2147 2939 2287 2956 2391 2925 2394 2925 2398 2925 2401 2925 2405 2925 2405 2928 2457 2970 2461 2977 2896 2977 2899 3085 2896 3099 2520 3099 2516 3095 2464 3088 2325 3064 2245 3081 2203 3092 2200 3092 2196 3092 2193 3092 2193 3088 2182 3081 2154 3053 2106 3078 2102 3078 2099 3078 1987 3057 1963 3078 1945 3092 1942 3092 1938 3092 1938 3095 1879 3095 1876 3092 1872 3092 1869 3092 1848 3074 1813 3050 1542 3050 1500 3067 1465 3081 1462 3081 1458 3081 1455 3081 1406 3064 1368 3050 1350 3064 1322 3085 1319 3085 1315 3085 1312 3085 1308 3085 1218 3060 1190 3053 999 3053"/></Shape>
	    <String CONTENT="statius quoq: in liƀ. thebaidos extulit eius actiuũ"
                    HPOS="988"
                    VPOS="2918"
                    WIDTH="1911"
                    HEIGHT="181"></String>
          </TextLine>

          
          
          <TextLine ID="eSc_line_91323169"
                    TAGREFS="LT1037"
                    BASELINE="988 3161 1945 3158 2513 3196 2840 3196" 
                    HPOS="981"
                    VPOS="3040"
                    WIDTH="1859"
                    HEIGHT="177">
            <Shape><Polygon POINTS="988 3161 985 3040 1058 3040 1061 3040 1065 3040 1138 3088 1246 3088 1354 3050 1364 3047 1368 3047 1371 3047 1375 3047 1378 3047 1381 3050 1448 3088 1535 3053 1559 3047 1563 3047 1566 3047 1569 3047 1597 3057 1618 3064 1653 3057 1698 3050 1702 3050 1705 3050 1709 3050 1719 3060 1733 3071 1789 3060 1848 3053 1851 3053 1855 3053 1879 3064 1918 3085 1956 3067 1987 3053 1991 3053 1994 3053 1998 3053 2032 3071 2046 3074 2074 3071 2154 3057 2158 3057 2161 3057 2217 3074 2259 3092 2454 3102 2833 3095 2840 3196 2837 3213 2151 3217 2147 3217 2144 3217 2095 3203 2036 3179 1569 3175 1381 3189 1162 3203 1159 3203 981 3179"/></Shape>
	    <String CONTENT="ł neutrale infinitum hanc &amp; iã . poenis incessere"
                    HPOS="981"
                    VPOS="3040"
                    WIDTH="1859"
                    HEIGHT="177"></String>
          </TextLine>

          
          
          <TextLine ID="eSc_line_36dbd9b3"
                    TAGREFS="LT1037"
                    BASELINE="1009 3290 1900 3287 2349 3318 2938 3321" 
                    HPOS="1006"
                    VPOS="3161"
                    WIDTH="1932"
                    HEIGHT="188">
            <Shape><Polygon POINTS="1009 3290 1006 3161 1086 3168 1089 3168 1093 3168 1093 3172 1117 3193 1148 3175 1152 3175 1155 3175 1159 3175 1162 3175 1166 3175 1166 3179 1187 3196 1211 3175 1211 3172 1214 3172 1218 3172 1242 3168 1308 3165 1312 3165 1315 3165 1319 3165 1319 3168 1326 3172 1364 3207 1507 3203 1549 3179 1573 3168 1576 3168 1580 3168 1858 3168 1994 3172 1998 3172 2001 3172 2001 3175 2026 3196 2039 3210 2074 3200 2085 3196 2088 3196 2092 3196 2095 3196 2099 3196 2102 3200 2144 3224 2367 3210 2384 3210 2388 3210 2391 3210 2394 3210 2394 3213 2412 3231 2746 3231 2791 3224 2892 3210 2896 3210 2899 3210 2938 3231 2938 3321 2931 3349 2161 3342 2158 3342 2154 3342 2154 3339 2133 3318 1858 3307 1695 3307 1670 3328 1670 3332 1667 3332 1663 3332 1660 3332 1657 3332 1608 3304 1434 3304 1416 3318 1416 3321 1413 3321 1409 3321 1406 3321 1402 3321 1340 3304 1277 3328 1274 3328 1270 3328 1267 3328 1225 3307 1169 3328 1166 3328 1162 3328 1159 3328 1155 3328 1127 3311 1006 3325"/></Shape>
	    <String CONTENT="gentẽ decretũ ÷ Idẽ in libro .iii. nec tua cara fides"
                    HPOS="1006"
                    VPOS="3161"
                    WIDTH="1932"
                    HEIGHT="188"></String>
          </TextLine>

          
          
          <TextLine ID="eSc_line_c95503ba"
                    TAGREFS="LT1037"
                    BASELINE="999 3394 1869 3415 2227 3440 2878 3426" 
                    HPOS="992"
                    VPOS="3300"
                    WIDTH="1886"
                    HEIGHT="171">
            <Shape><Polygon POINTS="999 3394 992 3328 1065 3300 1068 3300 1072 3300 1075 3300 1120 3318 1288 3304 1291 3304 1294 3304 1298 3304 1298 3307 1326 3332 1326 3335 1469 3335 1475 3335 1549 3307 1552 3307 1556 3307 1559 3307 1629 3335 1636 3339 1657 3339 1855 3311 1858 3311 1862 3311 1973 3342 1980 3346 2182 3346 2193 3346 2314 3318 2318 3318 2321 3318 2325 3318 2325 3321 2349 3342 2447 3328 2450 3328 2628 3353 2649 3353 2659 3353 2743 3328 2746 3328 2750 3328 2875 3356 2878 3426 2878 3443 2781 3471 2777 3471 2774 3471 2770 3471 2722 3450 2377 3467 2374 3467 2008 3460 2005 3460 1949 3436 1925 3457 1925 3460 1921 3460 1918 3460 1914 3460 1911 3460 1851 3433 1820 3433 1796 3433 1768 3453 1768 3457 1764 3457 1761 3457 1757 3457 1517 3429 1381 3453 1378 3453 1375 3453 1333 3433 1100 3447 1096 3447 1093 3447 1089 3447 1089 3443 1086 3443 1068 3422 995 3422"/></Shape>
	    <String CONTENT="nec falsa incessere gaude; cui; idẽ in liƀ xii. in pe"
                    HPOS="992"
                    VPOS="3300"
                    WIDTH="1886"
                    HEIGHT="171"></String>
          </TextLine>

          
          
          <TextLine ID="eSc_line_d9b96b8f"
                    TAGREFS="LT1037"
                    BASELINE="988 3509 1437 3544 2875 3551" 
                    HPOS="981"
                    VPOS="3426"
                    WIDTH="1894"
                    HEIGHT="187">
            <Shape><Polygon POINTS="988 3509 988 3426 1180 3429 1183 3429 1267 3460 1475 3433 1479 3433 1482 3433 1486 3433 1535 3464 1865 3450 1869 3450 2196 3471 2234 3453 2238 3453 2241 3453 2245 3453 2248 3453 2248 3457 2269 3478 2537 3478 2614 3447 2617 3447 2621 3447 2760 3467 2871 3447 2875 3551 2868 3582 2701 3575 2670 3582 2541 3610 2541 3613 2262 3613 2259 3610 2074 3575 2039 3603 2039 3607 2036 3607 2032 3607 2029 3607 2026 3607 2022 3607 1966 3568 1963 3565 1796 3565 1789 3565 1730 3603 1726 3603 1723 3603 1719 3603 1716 3603 1629 3579 1486 3600 1482 3600 1479 3600 1475 3600 1475 3596 1451 3572 1347 3558 1329 3558 1326 3558 1242 3596 1239 3596 1235 3596 1232 3596 1228 3596 1228 3593 1187 3554 981 3551"/></Shape>
	    <String CONTENT="ratiuũ. solũq; ante uocasti inuideo net incesse mo"
                    HPOS="981"
                    VPOS="3426"
                    WIDTH="1894"
                    HEIGHT="187"></String>
          </TextLine>

          
        </TextBlock>
        

        
      </PrintSpace>
    </Page>
  </Layout>
</alto>
