3364 4186
1744 296 171 133 27

348 572 1888 177 aduersor moror uagor exceptis. viiii. tertiae coniugationis. loquor

352 690 1937 185 liquor.sequor. queror. nitor. utor. euertor. labor. fungor. et excep

345 812 1940 182 tis illis que ante cor as. uel es uel is. abent ut irascor. uescor paciscor

341 931 1993 202 nanciscor &quicquid simile inuenitur quae iure tertię sunt quia

348 1060 1913 206 haec forma, id est in sco desinens, tertiam coniugationem uindicat;

352 1189 1968 178 Consternor qq̃ & aspernot ut deponentia. primę sunt coniugationis

345 1318 1905 202 lic& sperno. &sterno actiua; Ex quibus quantum ad xii ł uocem

338 1440 1919 203 uidentur composita. fieri tertiae ceu prediximus; Tamen enim

335 1573 1880 167 consterno as. actiuum differentiae. significationis causa primę

341 1677 1899 196 inuenitur; Ut statius. liƀ .viii. tebaidos; adiurat turmasque

335 1806 1926 185 metu consternat obprimat consternat. Cuius pa uum ari

341 1908 1948 202 cipium praet̃ti temporis Ouidius in .v. liƀ fastorum refert; Ipolte

338 2005 1975 231 infelix uellem coluisse didonem consternatis. deriperis equis;

338 2127 1961 238 IN po uerba primitiua ł deriuatiua primę sunt coniugationis ut

338 2267 1951 206 crepo as, discrepo as. dissipo as. culpo as. usurpo as. turpo nuncupo as.

338 2386 1923 216 anticipio as occupo as. mancipio as; Oratius sermonum liƀ .ii; que

338 2501 1923 223 dam si credis consultis mancipatus; usus participio passiui; antici

345 2630 1902 206 po as; Ouidius metaforforeon liƀ .ii.; Tardius exierat. sꝫ ꝑ com

338 2741 1888 206 pendia montis anticipata uia est; palpo as. quodeadem uoce nom̃

335 2863 1912 196 quam uerbum significat. Tertiae pauca primitiua reperiuntur ut

338 2972 1916 202 sunt hęc, ęcalpo sculpo carpo repo serpo strepo rumpo is. & que

352 3097 1856 185 ex his ponuntur. In por quoq: desinentia communia uel de

355 3216 1836 195 ponentia primę sunt ut aucupor aris; In quo ł inquor primitiua

345 3320 1836 213 quidẽ, quae & pauca sunt, & tertię, ut linquo relinquo delinquo

348 3449 1839 224 inquã ł inquio inquis defectiuum cui: plurale' horatius sermon
