3305 4186
1664 355 87 122 10

481 498 1846 171 tia diuersa litterarum diuisione separauit ; Nam ab in

492 624 1867 181 dicatiuo modo presenti uenientib; nominib; ante clau

502 753 1857 150 sulę casualis uocalem ; om̃s consonantes positionis uer

502 858 1843 160 borũ significatiuas preposuit; duab; exceptis tantũ

513 973 1821 157 id ÷ s et t ; quibus solis permisit ut non solũ uerbis p̃

509 1098 1822 157 cedant frequentatiuis que diriuatiua sunt; sed

506 1231 1804 150 ut item ante omnes terminationes uiceant. que

506 1339 1877 160 de prt̃ perfecto ł infinitiuo futuri descendunt.

523 1468 1860 140 un exempla nominum antelata declarant; De quib;

530 1573 1822 153 omnib; terminationib; et traductionib; quia ro

523 1684 1853 164 mane facundiae lumen meus immo communis

520 1793 1891 163 ominum hominũ preceptor in .iiii. libro de nomi

537 1904 1843 161 ne sũma com subtilitate copiossime grãmaticꝰ

530 2012 1864 164 pruscianus disseruisse cognoscitur. Ideo conten

2198 1995 262 104 sufficiens

523 2141 1850 161 tus haec ad renouandã tantũ modo legentium me

523 2284 1853 147 moria praestrinxisse relique parti promissionis

526 2389 1875 157 meae satisfacere temptabo; idẽ supra positis obser

526 2515 1889 153 uationib; nominũ de uerbis traductorũ exceptis

523 2637 1829 150 quicꝗd appositũ uerbũ nomini reperiatur.

460 2672 178 314 N

628 2745 1752 157 am non solum a uerbo nomen sed etiam uerbũ a no

631 2849 1752 185 mine deductũ ostendere quod ipsũ uerbũ a no

1308 2860 258 70 manifestare

551 2972 1818 167 mine traductum o finalẽ precedente consonan

544 3080 1832 174 te non ad aliam nisi ad primã uerborũ perti

540 3205 1955 164 nere conuigationẽ idq; manifestius apparebit

551 3327 1933 182 si per singulas uncuiq; declinationẽ adtributas
