3364 4186
1633 303 125 129 19

289 554 1905 136 exceptis etiã in cor desinentib; cõmunib; ł depo

293 666 1894 171 nentib; ares is ante coͬ habentib; que siue primiti

300 805 1933 168 ua sint. siue diriuatiua . soluus tertiae sunt; ut nas

303 924 1857 160 cor. ulciscor. nanciscor. irascor . paciscor ex per

1622 920 281 87 pactũ facio

310 1043 1891 163 giscor cõminiscor adipiscor obliuiscor. Merito que

991 1043 296 66 inueniscor

293 1168 1901 178 hec quo que uerba licet quedam ex is diriuata sunt ano

293 1297 1943 178 minib; tertiam coniugationem tamen non effugierunt;

286 1437 1874 160 que unam in sco terminatione tã in diriuatiuis ie for

289 1552 1839 146 me s̃ inchoatiue quã in primitiuis quę forme sunt per

289 1660 1846 164 fecte sola possidet; Semelq; hoc generaliter obseruan

289 1793 1916 143 dum quod in io siue in ior desinentia uerba uel prime sunt

282 1901 1881 132 cũ sunt tantum diriuata ł quarte tã primitiua quã diri

275 2005 1909 182 uatiua sed obseruatione primę carentia coniugationis;

282 2106 1919 196 consonantẽ uero ante o ł or habentia uerba qiuidem prima

272 2222 1909 205 coniugatio quamuis plerũq; diriuata tamen habet int̃

282 2344 1878 223 dum & primitiua; Tertia uero absq; in sco desinentib;

282 2494 1958 181 inchoatiuis et cõmunib; ł deponentib; in scor desinentib;

289 2616 1902 164 in quib; solis terminationib; habet diriuatiua inomnib;

282 2717 1902 192 reliquis finalita tib; non facile habet diriuatiuas primi

282 2832 1857 195 tiua tantũ uerba reperitur habere; Sed quia in omnib;

272 2961 1874 178 iam ante dictis sunt tã primitiua uerba de quib; aliꝗd

275 3073 1878 195 potest ignorari quã diriuatiua quorū dubia origina

272 3191 1909 185 tio est nequid restet ambigui placet etiam specialiter

268 3320 1839 175 singulas terminationes uerborũ scrutari; qm̃ autẽ

272 3436 1825 212 de uerbis in eo ł in eor. in io ł in ior. in uo ł in uor desinen

2379 1360 604 286 meritor̃

2386 1625 266 237 scãt
