3364 4186
1699 289 143 115 23

387.0 502.0 1874.0 220.0 Notantur primę coniugatonis. ii. ꝓducentia .i. trucido as. formido as.

397.0 599.0 1951.0 252.0 quod in eadem uoce tam uerbum ꝙ nomen significat, et unum .i. corripiens

397.0 743.0 1878.0 212.0 trepido trepidas. quod a trepidus nomine ueniens iure primae ÷; N

411.0 854.0 1941.0 216.0 quoque ante do habentia similiter tertiae s̃ coniugationis, ut scando. is

411.0 973.0 1944.0 220.0 ascendo.is. pando.is. pendo.is.tendo.is. prehendo.is. incendo.is. offen

411.0 1095.0 1909.0 223.0 do. findo.is. scindo .is.condo.is. distindo.is.mando mandis.fundo. is.

411.0 1217.0 1982.0 251.0 nisi tam̃ huius modi uerba de nominibus diriuentur; Tunc enim sine dubio

415.0 1370.0 1940.0 227.0 primae coniugationis erunt, ut unda undo und as, inundo as, abundo as, exun

411.0 1475.0 1989.0 223.0 do as. Vergilius aeneidos liƀ .xii. ad celum undabat uertex, Item in eodẽ;

418.0 1608.0 1965.0 212.0 hinc densi fluctus rursus inundant, Item in iiii georgicon ergo apibus foe

418.0 1744.0 1909.0 219.0 tis atque examine multo primus abundare & spumantia cogere presis

436.0 1859.0 1936.0 213.0 mella fauis, fecundus fecundo as idem in eodͦem, & uiridem aegyptum

432.0 1967.0 1909.0 192.0 nigra fecundat harena, secundus secundo as, Idem aeneidos liƀ.iii.

446.0 2099.0 1940.0 199.0 rite secundaret uisus omenq: leuaret, Ab eo quoq: qđ est menda ł men

446.0 2239.0 1979.0 174.0 dum nomen utramq: enim terminationem ueteres usurpunt, Cicero in pre

446.0 2347.0 2007.0 175.0 tura siciliensi qđ mendum ista littoru correxit, Ouidius artis amatoriae

453.0 2462.0 1926.0 196.0 liƀ .i. nocte latent mendae uitioque ignoscitur omni; Idem eiusdem liƀ.ii.

471.0 2574.0 1964.0 213.0 eximet ipsa dies omnes e corpore mendas, uerbum fit emendo as, ut iuue

457.0 2710.0 1922.0 174.0 lis libro .v., Et tamen uiuus e medio scopis. nec emendat seruulus unus

467.0 2811.0 1982.0 188.0 et statius thebaidos. liƀ.i., quo tempore tandem terrarum furias abolere

474.0 2933.0 1961.0 168.0 et sacła retro emendare facta, sꝫ etiam differentiae & significationis

474.0 3059.0 1954.0 174.0 causa tam primę ꝙ tertie quaedam ex his inueniuntur ut mando is.,

471.0 3174.0 1978.0 167.0 id est manduco, ut primitiuum, tertiae; mando autẽ mandas, quasi in ma

478.0 3296.0 1860.0 167.0 nũ do. Id est permitto quasi diriuatiuum ł compositum primae ÷ ;

492.0 3401.0 1884.0 191.0 Vnde etiam emendo. as, commendo. as facta sunt; Itẽ qđ ad fusionem
