3000 4072
515 301 436 131 Tres enĩ periochę ÷

515 407 404 90 tres circũstantię :

506 451 445 108 requiruntur in prę

515 527 477 87 sentis lectionis capitulo.

506 591 451 102 Locus Tempus P̶sona

503 662 421 76 Locũ demonstratis

503 726 421 76 eius artis : cũ dicit

495 802 442 111 ROMA C̃STANTINOPOL̶ .

495 887 451 90 Tempus : quia floruit

486 946 451 99 sub tempore iuliani

486 1031 445 79 cęsaris. consulis. ac pa

483 1095 433 84 tricii . Et ipse fuit a

483 1160 436 70 postata : Persona : ille

480 1212 436 90 ipse . Euticius ł eutex

477 1280 445 84 qđ interpretatum est

474 1338 421 79 ex greco . et latino

474 1391 427 90 et dr̃ bene texens ł bo

477 1453 418 82 nꝰ textor. Et addit᷑

468 1511 416 84 quarta ÷ causa : cur

459 1579 445 96 aggresius est hoc opus

465 1658 433 90 iđ : ꝓ qua utilitate ł

459 1710 477 102 ꝓ qua necessitate hanc

462 1792 454 87 artẽ composuit . Cau

465 1860 459 79 sa enĩ descriptionis ẽ :

462 1921 462 96 quia petiuit ab eo suus

468 2000 421 70 discipulus craterus

465 2056 462 87 Vt more grecoꝵ docer&

465 2126 439 67 eũ ex primis ꝑsonis con

465 2182 468 82 iugationes cognoscere :

465 2235 430 102 ΠΕΡΙ ÷ circũ, oche :

471 2314 389 82 quęstio. Perioche :

465 2370 430 90 circũ quęstico ł circũ

471 2446 404 73 stantia quę circa rẽ

471 2499 468 73 queritur ł circũstat.

468 2557 492 84 ł fit . et non ire :

480 2601 462 123 FINit :

1001 275 1634 199 Septẽ circũstantię requirendę sunt. In una quaq; arte : Id est Locus

1001 418 1634 181 Tempus, ꝑsona, Factũ, Causa, modus, facultas, uł materies : Locus :

990 553 1634 184 quo facta est. Tempus : quando, Persona : quis fecit : Factũ : ꝗd fec̃ :

972 679 1643 161 Causa : quomodo fecit, Facultas uł materies : unde fecit : Quę .VͭIͤ̃I.

981 799 1605 149 ita conueniunt huic libro. Tempus : in tempore iuliani consulis qđ

993 922 1617 134 inde intellegimus : quia priscianus magister euticis temporib; eiusdẽ

966 1057 1681 164 iuliani fuit : Persona : eutex ł euticus qui inerpretat᷑ fortunatꝰ ł felix

966 1186 1640 149 ł bonus terxtor. quia bene & feliciter texuit regulas grãmaticę artis

969 1309 1623 131 Factũ : ipsa ars intellgitur. Causa : quia CRATERVS suus discipulus

978 1426 1640 146 postulauit hoc opus ab illo fieri. <u>t potuissent romani cognoscere coniugati</u>

993 1561 1643 140 ones exprima ꝑsona. sicut faciunt greci. Mođ numerus libroꝵ ł quomodo

975 1699 1620 134 fecit : uidelic& artificio ł ꝓspere . Materies ł facultas unde fecit

972 1831 922 149 hoc est de discernendis coniugationib; ̶
