1024 1438
90 97 164 37 Gestus semꝑ lętitiã sig̃s

88 119 109 27 Inde esticulatio

86 138 159 24 In prima c̃iugatione intelle

87 154 145 19 gituir hoc dũ dicit illã po

88 158 145 25 sitionem uerbi a noẽ uenire

88 174 145 22 Om̃is enĩ positio uerbi quę

89 190 151 14 uenit̃ a nõe ĩ primę est c̃iuga

89 195 150 21 tionis. exceptis illis quę in .io.

91 198 154 30 et .eo. desiniunt quę crescuNT

89 218 152 21 supͣ genitiuũ nominis in pri

91 224 143 22 ma ꝑsona ut suꝑb Suꝑbio

89 237 82 17 aeger agreo

89 239 152 29 Het est enĩ regula de illis

88 255 150 25 quę habent c̃sonantẽ ante .o.

91 272 146 18 utsi prima ꝑsona uerbi ser

90 282 136 19 uauerit sillabas genitiui

89 289 156 24 diriuentur uerba a nominib

90 303 162 22 ut turba turbo -as .S. ñ sint

89 317 141 18 t̃tie c̃iugationis. ut scribo

92 319 146 28 scriba s̃i uero genitiuus su

91 338 137 19 perauerit  diriuentur

89 346 147 23 nõa a uerbis ut formido

88 359 144 22 -as formido formidinis

89 373 142 17 mergo mergis merges

91 385 147 20 mergitis : Similiter si

91 399 150 20 uerba superauerint geni

90 411 153 21 tiuũ .s. ista tamen habent

90 425 162 23 uocalem ante .o. ut torqueo

89 437 147 25 torquis exceptis uerbis pͥ

90 454 153 19 mę c̃iugationis quę ueni

91 467 155 17 unt .IIIIͣ. declinationis ut

90 477 160 23 fluctuo Tumultuor Aestuo

89 492 159 23 Sinuo Insinuo ista enĩ quã

90 508 151 19 uis superent gẽnitiuũ . ut

88 509 155 29 .u. non amittant tam̃ non st̃

87 520 158 33 primitiua sed a nominib

87 535 155 28 diriuant᷑ et ideͦ suNT

91 560 152 25 primę coniugatioNis :

268 70 175 28 Alii codices ñ obseruauit

337 86 50 21 omne

852 86 68 23 et ĩpedio

271 95 637 49 obseruet obseruationem clausulę : A tertia quoq: rete retis. irretior pes -dis im

744 93 175 31 illa que .o. inuenit᷑ et irretio

332 119 64 24 magnĩtudo

406 119 114 27 machinor excogito

523 135 35 14 tener

562 124 75 22 mollis efficio

658 125 51 28 firmo

726 129 84 23 t̃minꝰ meta

269 131 655 48 pedior Moles -lis molior mollis mollio, Stabilis Stabilio, Finis finio, inanis exinanio

866 143 44 19 uacuo

269 152 63 24 nobilis

356 159 63 18 nobilito

464 152 90 26 munio circũdo

570 154 55 26 sic ĩ habeo

649 165 42 19 induo

701 159 58 26 inde uestitꝰ

266 165 634 42 in̶asignis Insignio sepes Sepio Sitis sitio uestis uestio custos custodio Mens

853 171 72 23 conscientia

347 183 45 24 diuisio

413 185 49 23 diuido

473 185 176 27 pars et electio : accipio eligo

267 196 651 50 Mentior Pars Partior Sors Sortior : A quarta enĩ gestus. Gestio notat᷑ *Crux

711 192 74 27 motꝰ corpũs

790 196 106 28 desidero excipit᷑

256 213 139 29 torqueo passionẽ sustineo

270 224 635 49 Crucio -as. cũca rons. Obseruationibus pͥmę debuit ee̾ quartę coniugationis : Calcio

848 232 56 26 uerbũ

347 248 142 28 .s. a nõe tͯrisillabo mͯinus

453 250 70 30 ÷ calcaneũ

531 259 113 17 .s. nomine̾ trisillabo

649 255 283 32 ÷ penultimã si ab& cuius gent̃s sillabarũ ÷

266 258 645 53 enim .as. calx -cis sed a caltius diriuatum quia penultimę infertur consonans

718 272 44 19 .s. sillabę

774 274 55 18 ingerit᷑

270 287 306 23 * quę ñ est in nõe calx penultima s in caltius nõe

917 282 48 29 qt᷑ & prima

269 298 632 39 iure uidetur e̾e pͥmę coniugationis. CONSONANTE VERO P̃CEDENTE

905 300 79 30 ꝑsona ũbi

501 323 81 22 .s. obseruatis

270 324 650 49 semꝑ uerba de nominibus p̃dictis modis pͥmę s̃ solius coniugationis. Adeoq; uera

823 327 121 30 in tantũ ł maxime

489 353 79 22 .s. in uerbis

269 359 655 48 uidetur ee̾ obseruatio clausularum qđ ex una terminatione nominis duę ũbi facte

270 390 654 44 diriuationes diuersam ꝓ qualitate finalitatis coniugationem meruerunt. Vt

302 416 156 19 finis t̃minus : figo t̃mino

680 422 65 18 ÷ mensuro

271 423 657 44 qđ ẽ meta Metor -aris primę coniugationis ẽ. Et metior ꝗđ ẽ metiris quartę ẽ

269 454 655 44 Seruus Seruo -as primę est : Seruio autẽ seruis qđ in .io. desinit quartę est. A sanus

488 482 189 23 am̃tor insanit enĩ qui ñ est sanꝰ

808 487 100 25 c̃ueniens ⁊ dignꝰ

271 488 643 39 autẽ sano -as qđ prima in sanio autẽ insanis : quarta : et abeo qđ est aptus apto -as

521 516 73 19 qđ ÷ aptus

648 510 344 26 anc̃e apͭ inc̃ueniens : inc̃uenient̃ aliqui a fatio aliꝗd stultꝰ fio

270 520 643 40 Fit uerbũ Ab eo autem qđ est exeo cõpositũ nomen Ineptus ineptio -tis uerbũ fit

270 551 635 40 Vt enĩ in .io. desinentia uerba nisi habeant adhęrentia nõa trisillaba .i. purã

787 576 198 27 coniugationẽ : .s. illa ũba ÷ penul

270 584 649 38 penultimã habentia primę eẽ coniugationis non possunt sed ad quarta ꝑueniunt

926 595 59 18 tiima haben

927 605 20 20 tia

521 607 50 29 asciscit

606 606 67 27 .s. c̃iugatio

273 620 649 39 paucis illis exceptis quę sola sibi uindicat tertia : sic quacũq consonante antedente :

274 642 658 49 nõa facientia ex se uerba si quidem seruant consonantẽ nominis : primę st̃ coniugationis

334 672 50 25 .s. litterã

269 677 648 39 .I. uero quã non habuit nomen in uerbo addentia respuunt᷑ a prima coniugatione & ad

749 705 45 24 dãpno

269 707 647 38 quartã plerũq redeat & una sillaba crescunt a gntõ noĩs ut̃ punio Suꝑbio Custodio

814 703 62 25 ancẽ poena

275 733 53 23 appeto

345 734 38 25 noceo

269 741 645 39 Gestio impedio ineptio qđ in uerbis primę coniugationis a nomib; traductis non sol&

753 741 16 23 ni

781 733 59 29 diriuatis

856 732 58 28 ÷ additio

272 762 208 27 ÷ in uerbo si non fuerit de nomine

390 769 154 25 ÷ prima ꝑsonã indicatiui

273 776 627 34 euenure : Nã positio uerbi siue quę lib& consonans sit ante .o. siue .i. uocalis a quacũq

306 802 80 19 illa ꝓpositio

673 798 112 24 in pͥma c̃iugotione

274 808 638 36 nõis ueniat terminatione. sillabas solet genitiui nõis seruare. Vt turba Turbo -as nun

510 831 63 24 uulnero

604 831 51 27 fiducia

272 839 637 38 tius. nuntio -as, Vlcus ulceris ulcero -as, Spes spero -as, tam̃ quartę declinationis nõa

537 867 27 22 nõa

273 869 632 41 parem nominatiuo genitiuũ habentia nõis uincunt uerba ab eis dẽ noĩb; diriuata

366 897 48 24 ꝑdant

736 893 126 26 titulo dubito : calor

275 903 647 35 et ut .u. non amittant crescant uerba una sillaba : ut fluctus fluctuo. Aestus Aestuo

272 922 114 24 confusa uox populi

324 929 114 26 uociferor ceremiũ

446 926 291 30 demonstro : ostendo doceo quasi intꝰ insũ mitto

273 929 641 44 Tumultus .or. Sinus Sinuo ⁊ insinuo : E ꝗͦꝗ ante .o. habentia diriuata uerba quę iure

774 958 41 19 infirmꝰ

270 965 646 40 scđam coniugationẽ sequnt᷑ una sillaba genitiuũ nõis uincunt ut ager ęgri Aegeo

781 984 55 24 in uerbis

280 993 74 24 infirmor

541 991 92 22 indico statuo

271 990 650 50 ł ęgreo Miser Misereor, census censeo, Eadẽq; diuersitas clausularũ differenti

269 1023 626 43 as c̃iugationũ a nominũ diriuatione etiã in scđa coniugatione facere solet :

326 1046 400 36 Alii codices a nõib; uenientiũ &iã in scđs solat facere c̃iugatione

269 1053 648 46 Vt a noe uenientia uerba. si quidẽ ñ in .eo. desinunt᷑ primę st̃ coniugationis. In .eo.

517 1085 84 21 c̃iugationem

697 1080 54 18 a nõe alb

266 1073 662 54 uerba desinentia modis omib; ad scđam ꝑueniunt : Vt albo -as & albeo -bes. ut uirgłs

832 1102 90 22 ÷ durere incipio

626 1110 71 22 a nõe durus

269 1113 655 50 ęneidos lib̶ .XI. cãpiq ingenͥtes ossib; albent Duro -as et dureo -es unde duresco Den

272 1150 115 21 a nõe densus ÷ spissus

269 1141 665 70 so -as & denseo -es : Miser ꝗͦꝗ miseri . Miseror -aris pͥmę . Misereor uͦ scđę c̃iugationis :

937 109 43 24 Dũ uenit

938 115 50 29 a nõe minꝰ

937 130 51 23 trisillabo

937 144 52 18 ñ habentẽ

937 156 52 22 penultinã

935 170 59 19 in ÷ desinen

937 182 29 18 tem :

931 197 63 16 Calx eni &

932 197 56 25 caltius & cal

935 208 58 24 caneus idem?

931 224 60 16 Calcis enĩ

934 226 58 25 uult isidorꝰ

937 244 55 22 nominatiuũ

936 335 46 29 In hoc dicet

935 353 56 20 uerã eẽ obser

936 367 52 18 uationũ claũ

934 367 56 28 sularũ in uer

934 384 49 22 bis  ipsa

932 393 54 24 uerba quę

934 409 51 19 habent uo

934 415 56 25 calem an

935 430 54 18 te .o. aliarũ

932 433 63 25 sunt c̃iuga

937 452 48 17 tionũ ꝗ il

934 466 59 14 la quę habeNT

934 470 58 23 consonantib

941 486 43 18 Ipsa prima

940 492 51 25 ꝑsona a pto

944 508 46 13 fac̃ scđam

932 626 60 17 .s. st̃ uerba

936 635 56 24 primę c̃iuga

935 645 56 23 tionis s?utien

931 654 52 24 tia nõa ex

935 666 50 21 se uerba ÷

933 680 57 20 dũ faciunt

930 689 63 20 nõa ex se uer

934 704 16 18 ba

932 710 59 27 Tumultus

935 728 55 20 quasi timor

931 734 57 28 multus ÷

931 744 59 27 sonitꝰ magnꝰ

936 765 50 21 Vlcus pc̃eđ

932 768 48 31 interius

929 778 54 29 uulnus ex

930 801 44 19 terius :

935 810 47 24 Siu̾e .u.

932 822 42 22 uocalis

930 834 56 19 ut uacuus

932 841 62 24 uacuo uiduo

931 856 63 24 tenuo fatuo

932 869 54 24 infatuor :
