<alto xmlns:xsi="http://www.w3.org/2001/XMLSchema-instance" xmlns="http://www.loc.gov/standards/alto/ns-v4#" xsi:schemaLocation="http://www.loc.gov/standards/alto/ns-v4# http://www.loc.gov/standards/alto/v4/alto-4-2.xsd">
  <Description>
    <MeasurementUnit>pixel</MeasurementUnit>
    <sourceImageInformation>
      <fileName>f83v.JPEG</fileName>
      <fileIdentifier>zip//LAT7499_GT.zip/f83v.JPEG</fileIdentifier>
    </sourceImageInformation>
  </Description>
  
  <Tags>
    <OtherTag ID="BT5749" LABEL="NumberingZone" DESCRIPTION="block type NumberingZone"/><OtherTag ID="BT5748" LABEL="MarginTextZone" DESCRIPTION="block type MarginTextZone"/><OtherTag ID="BT5747" LABEL="MainZone" DESCRIPTION="block type MainZone"/><OtherTag ID="BT4" LABEL="Illustration" DESCRIPTION="block type Illustration"/><OtherTag ID="BT3" LABEL="Commentary" DESCRIPTION="block type Commentary"/><OtherTag ID="BT2" LABEL="Main" DESCRIPTION="block type Main"/><OtherTag ID="BT1" LABEL="Title" DESCRIPTION="block type Title"/>
    <OtherTag ID="LT1980" LABEL="InterlinearLine" DESCRIPTION="line type InterlinearLine"/><OtherTag ID="LT1979" LABEL="DefaultLine" DESCRIPTION="line type DefaultLine"/>
  </Tags>
  
  <Layout>
    <Page WIDTH="3000" HEIGHT="4212" PHYSICAL_IMG_NR="38" ID="eSc_dummypage_">
      <PrintSpace HPOS="0" VPOS="0" WIDTH="3000" HEIGHT="4212">
        
        <TextBlock HPOS="228" VPOS="278" WIDTH="509" HEIGHT="1456" ID="eSc_textblock_1428593e" TAGREFS="BT5748">
          <Shape><Polygon POINTS="228 278 228 1705 729 1734 738 278"/></Shape>
          
          
          <TextLine ID="eSc_line_2f2f5193" TAGREFS="LT1979" BASELINE="266 348 744 342" HPOS="263" VPOS="284" WIDTH="480" HEIGHT="108">
            <Shape><Polygon POINTS="708 298 685 298 665 298 662 298 638 298 615 298 591 301 588 301 568 301 544 301 521 301 498 301 489 301 477 301 474 301 451 301 427 301 404 301 380 301 357 304 333 304 310 304 287 304 263 304 266 348 266 363 468 366 477 372 495 383 498 383 500 383 503 383 547 369 585 389 588 389 591 392 706 392 706 389 708 389 711 389 744 363 744 342 738 284 732 284 732 287"/></Shape>
	    <String CONTENT="Gestus sem&#42833; l&#281;titi&#227; sig&#771;s" HPOS="263" VPOS="284" WIDTH="480" HEIGHT="108"/>
          </TextLine>

          
          
          <TextLine ID="eSc_line_5d7ee4f7" TAGREFS="LT1979" BASELINE="260 389 577 383" HPOS="257" VPOS="348" WIDTH="319" HEIGHT="79">
            <Shape><Polygon POINTS="257 360 260 389 260 410 339 427 342 427 345 427 398 410 398 407 574 407 577 383 571 360 457 348 448 363"/></Shape>
	    <String CONTENT="Inde esticulatio" HPOS="257" VPOS="348" WIDTH="319" HEIGHT="79"/>
          </TextLine>

          
          
          <TextLine ID="eSc_line_ee79a46c" TAGREFS="LT1979" BASELINE="257 448 717 439" HPOS="251" VPOS="404" WIDTH="465" HEIGHT="70">
            <Shape><Polygon POINTS="254 474 714 468 717 439 711 404 251 404 257 448"/></Shape>
	    <String CONTENT="In prima c&#771;iugatione intelle" HPOS="251" VPOS="404" WIDTH="465" HEIGHT="70"/>
          </TextLine>

          
          
          <TextLine ID="eSc_line_8d716bf0" TAGREFS="LT1979" BASELINE="257 480 679 477" HPOS="254" VPOS="451" WIDTH="424" HEIGHT="55">
            <Shape><Polygon POINTS="257 506 676 495 679 477 673 451 254 451 257 480"/></Shape>
	    <String CONTENT="gituir hoc d&#361; dicit ill&#227; po" HPOS="254" VPOS="451" WIDTH="424" HEIGHT="55"/>
          </TextLine>

          
          
          <TextLine ID="eSc_line_a125cb50" TAGREFS="LT1979" BASELINE="260 509 688 509" HPOS="257" VPOS="462" WIDTH="424" HEIGHT="73">
            <Shape><Polygon POINTS="679 474 644 480 609 480 574 480 539 480 503 480 468 480 433 480 398 480 363 480 328 480 292 480 257 480 257 506 257 536 292 536 328 536 363 536 398 536 433 536 468 536 468 536 682 533 682 506 682 465 679 462 679 474"/></Shape>
	    <String CONTENT="sitionem uerbi a no&#7869; uenire" HPOS="257" VPOS="462" WIDTH="424" HEIGHT="73"/>
          </TextLine>

          
          
          <TextLine ID="eSc_line_f976965e" TAGREFS="LT1979" BASELINE="260 541 688 541" HPOS="257" VPOS="509" WIDTH="424" HEIGHT="64">
            <Shape><Polygon POINTS="644 509 609 509 574 509 539 509 503 509 468 509 433 509 398 509 363 509 328 509 292 509 257 509 257 539 257 574 278 574 292 562 328 562 363 562 398 562 433 562 468 562 503 562 539 562 574 562 609 562 644 562 679 562 682 562 682 539 682 509 679 509"/></Shape>
	    <String CONTENT="Om&#771;is en&#297; positio uerbi qu&#281;" HPOS="257" VPOS="509" WIDTH="424" HEIGHT="64"/>
          </TextLine>

          
          
          <TextLine ID="eSc_line_fac8fb07" TAGREFS="LT1979" BASELINE="263 571 703 574" HPOS="260" VPOS="556" WIDTH="442" HEIGHT="41">
            <Shape><Polygon POINTS="260 594 700 597 703 574 703 556 263 556 263 571"/></Shape>
	    <String CONTENT="uenit&#771; a no&#771;e i&#771; prim&#281; est c&#771;iuga" HPOS="260" VPOS="556" WIDTH="442" HEIGHT="41"/>
          </TextLine>

          
          
          <TextLine ID="eSc_line_74bdd129" TAGREFS="LT1979" BASELINE="266 600 703 600" HPOS="260" VPOS="571" WIDTH="439" HEIGHT="61">
            <Shape><Polygon POINTS="682 571 647 571 612 571 577 571 541 571 506 571 471 571 436 571 401 571 366 571 331 571 295 571 260 571 260 597 260 632 295 629 331 629 366 629 401 629 436 629 471 629 506 629 541 629 577 629 612 629 647 629 682 629 700 629 700 597 700 571 682 571"/></Shape>
	    <String CONTENT="tionis. exceptis illis qu&#281; in .io." HPOS="260" VPOS="571" WIDTH="439" HEIGHT="61"/>
          </TextLine>

          
          
          <TextLine ID="eSc_line_25aa0f03" TAGREFS="LT1979" BASELINE="269 638 720 635" HPOS="266" VPOS="580" WIDTH="451" HEIGHT="87">
            <Shape><Polygon POINTS="653 603 618 603 583 603 547 603 512 603 477 603 442 603 407 603 372 603 336 603 301 603 266 603 266 632 266 665 301 665 336 665 372 665 407 665 442 665 477 665 512 665 547 665 583 665 618 665 653 665 688 665 688 667 717 667 717 632 714 580 688 580 688 603"/></Shape>
	    <String CONTENT="et .eo. desiniunt qu&#281; crescuNT" HPOS="266" VPOS="580" WIDTH="451" HEIGHT="87"/>
          </TextLine>

          
          
          <TextLine ID="eSc_line_3a73ce97" TAGREFS="LT1979" BASELINE="263 670 708 670" HPOS="260" VPOS="638" WIDTH="445" HEIGHT="61">
            <Shape><Polygon POINTS="682 638 647 638 612 638 577 638 541 638 506 638 471 638 436 638 401 638 366 638 331 638 295 638 260 638 260 667 260 700 287 700 295 685 331 685 366 685 401 685 436 685 471 685 506 685 541 685 577 685 612 685 647 685 682 685 682 700 706 700 706 667 706 638 682 638"/></Shape>
	    <String CONTENT="sup&#867; genitiu&#361; nominis in pri" HPOS="260" VPOS="638" WIDTH="445" HEIGHT="61"/>
          </TextLine>

          
          
          <TextLine ID="eSc_line_485478ef" TAGREFS="LT1979" BASELINE="269 697 685 694" HPOS="266" VPOS="656" WIDTH="418" HEIGHT="64">
            <Shape><Polygon POINTS="571 670 547 670 524 670 500 670 477 670 454 670 430 670 407 670 383 670 360 670 336 670 325 670 266 670 269 697 269 720 682 711 685 694 676 656 603 659 594 670"/></Shape>
	    <String CONTENT="ma &#42833;sona ut su&#42833;b&#61868; Su&#42833;bio" HPOS="266" VPOS="656" WIDTH="418" HEIGHT="64"/>
          </TextLine>

          
          
          <TextLine ID="eSc_line_d88f65c0" TAGREFS="LT1979" BASELINE="269 726 503 732" HPOS="260" VPOS="694" WIDTH="240" HEIGHT="49">
            <Shape><Polygon POINTS="442 694 407 694 372 694 336 694 301 694 266 694 266 720 260 738 418 744 436 744 471 744 495 744 500 729 498 694 477 694"/></Shape>
	    <String CONTENT="aeger agreo" HPOS="260" VPOS="694" WIDTH="240" HEIGHT="49"/>
          </TextLine>

          
          
          <TextLine ID="eSc_line_acc06513" TAGREFS="LT1979" BASELINE="266 761 676 758" HPOS="260" VPOS="700" WIDTH="445" HEIGHT="84">
            <Shape><Polygon POINTS="436 729 401 729 366 726 331 726 292 741 278 700 260 700 260 764 260 785 295 785 331 785 366 785 398 785 498 782 506 782 544 767 673 779 673 755 706 714 550 735 471 729"/></Shape>
	    <String CONTENT="Het est eni&#771; regula de illis" HPOS="260" VPOS="700" WIDTH="445" HEIGHT="84"/>
          </TextLine>

          
          
          <TextLine ID="eSc_line_29e326f0" TAGREFS="LT1979" BASELINE="266 796 700 788" HPOS="257" VPOS="747" WIDTH="439" HEIGHT="73">
            <Shape><Polygon POINTS="644 761 609 761 574 761 539 761 503 761 468 761 433 761 398 761 363 761 328 761 292 761 257 755 260 791 260 820 694 808 697 785 694 750 647 747 644 761"/></Shape>
	    <String CONTENT="qu&#281; habent c&#771;sonant&#7869; ante .o." HPOS="257" VPOS="747" WIDTH="439" HEIGHT="73"/>
          </TextLine>

          
          
          <TextLine ID="eSc_line_7e656549" TAGREFS="LT1979" BASELINE="266 826 694 826" HPOS="266" VPOS="796" WIDTH="427" HEIGHT="52">
            <Shape><Polygon POINTS="266 849 694 843 694 826 694 796 266 796 266 826"/></Shape>
	    <String CONTENT="utsi prima &#42833;sona uerbi ser" HPOS="266" VPOS="796" WIDTH="427" HEIGHT="52"/>
          </TextLine>

          
          
          <TextLine ID="eSc_line_8cc10ff0" TAGREFS="LT1979" BASELINE="266 858 662 852" HPOS="263" VPOS="826" WIDTH="398" HEIGHT="55">
            <Shape><Polygon POINTS="266 881 659 873 662 852 653 826 263 829 266 858"/></Shape>
	    <String CONTENT="uauerit sillabas genitiui" HPOS="263" VPOS="826" WIDTH="398" HEIGHT="55"/>
          </TextLine>

          
          
          <TextLine ID="eSc_line_0ca938de" TAGREFS="LT1979" BASELINE="263 893 717 881" HPOS="260" VPOS="846" WIDTH="457" HEIGHT="70">
            <Shape><Polygon POINTS="635 855 612 855 588 855 565 855 541 855 518 858 495 858 471 858 448 858 424 858 401 858 377 858 354 858 331 858 307 858 284 858 281 858 260 858 263 893 263 916 714 908 717 881 711 846 665 846 659 855"/></Shape>
	    <String CONTENT="diriuentur uerba a nominib&#61868;" HPOS="260" VPOS="846" WIDTH="457" HEIGHT="70"/>
          </TextLine>

          
          
          <TextLine ID="eSc_line_b2e8f9b7" TAGREFS="LT1979" BASELINE="263 928 738 928" HPOS="263" VPOS="887" WIDTH="474" HEIGHT="64">
            <Shape><Polygon POINTS="263 952 735 952 738 928 735 887 263 896 263 928"/></Shape>
	    <String CONTENT="ut turba turbo -as .S. &#241; sint" HPOS="263" VPOS="887" WIDTH="474" HEIGHT="64"/>
          </TextLine>

          
          
          <TextLine ID="eSc_line_b6809e39" TAGREFS="LT1979" BASELINE="269 963 676 958" HPOS="260" VPOS="928" WIDTH="413" HEIGHT="52">
            <Shape><Polygon POINTS="647 928 612 928 577 928 541 928 506 928 471 928 436 928 401 928 366 928 331 928 295 928 260 928 266 960 266 981 670 975 673 952 665 928 647 928"/></Shape>
	    <String CONTENT="t&#771;tie c&#771;iugationis. ut scribo" HPOS="260" VPOS="928" WIDTH="413" HEIGHT="52"/>
          </TextLine>

          
          
          <TextLine ID="eSc_line_b918e124" TAGREFS="LT1979" BASELINE="275 993 700 987" HPOS="269" VPOS="934" WIDTH="427" HEIGHT="82">
            <Shape><Polygon POINTS="621 958 585 958 550 958 515 958 480 958 445 960 410 960 375 960 339 960 304 960 269 960 272 987 272 1013 307 1013 342 1013 377 1013 413 1013 448 1013 483 1013 518 1013 553 1013 588 1013 624 1013 659 1013 691 1016 697 984 688 972 679 934 656 958"/></Shape>
	    <String CONTENT="scriba s&#771;i uero genitiuus su" HPOS="269" VPOS="934" WIDTH="427" HEIGHT="82"/>
          </TextLine>

          
          
          <TextLine ID="eSc_line_28cc222f" TAGREFS="LT1979" BASELINE="266 1019 667 1019" HPOS="266" VPOS="990" WIDTH="401" HEIGHT="55">
            <Shape><Polygon POINTS="266 1045 667 1034 667 1019 667 993 266 990 266 1019"/></Shape>
	    <String CONTENT="perauerit  diriuentur" HPOS="266" VPOS="990" WIDTH="401" HEIGHT="55" WC="0.958360405195327"/>
          </TextLine>

          
          
          <TextLine ID="eSc_line_14bf7c11" TAGREFS="LT1979" BASELINE="263 1057 691 1048" HPOS="260" VPOS="1013" WIDTH="430" HEIGHT="67">
            <Shape><Polygon POINTS="635 1022 612 1022 588 1022 565 1022 541 1022 518 1022 495 1022 471 1022 448 1022 424 1022 401 1022 377 1022 354 1022 331 1022 307 1022 284 1022 281 1019 260 1019 263 1057 263 1081 691 1066 691 1048 685 1013 665 1013 659 1022"/></Shape>
	    <String CONTENT="no&#771;a a uerbis ut formido" HPOS="260" VPOS="1013" WIDTH="430" HEIGHT="67"/>
          </TextLine>

          
          
          <TextLine ID="eSc_line_70a7dadd" TAGREFS="LT1979" BASELINE="260 1092 679 1086" HPOS="257" VPOS="1051" WIDTH="421" HEIGHT="64">
            <Shape><Polygon POINTS="260 1116 676 1107 679 1086 673 1051 257 1057 260 1092"/></Shape>
	    <String CONTENT="-as formido formidinis" HPOS="257" VPOS="1051" WIDTH="421" HEIGHT="64"/>
          </TextLine>

          
          
          <TextLine ID="eSc_line_f58204ad" TAGREFS="LT1979" BASELINE="260 1125 676 1125" HPOS="260" VPOS="1092" WIDTH="416" HEIGHT="49">
            <Shape><Polygon POINTS="260 1142 676 1139 676 1125 676 1092 260 1092 260 1125"/></Shape>
	    <String CONTENT="mergo mergis merges" HPOS="260" VPOS="1092" WIDTH="416" HEIGHT="49"/>
          </TextLine>

          
          
          <TextLine ID="eSc_line_c3a35e3e" TAGREFS="LT1979" BASELINE="266 1154 697 1163" HPOS="266" VPOS="1127" WIDTH="430" HEIGHT="58">
            <Shape><Polygon POINTS="266 1186 694 1186 697 1163 694 1133 266 1127 266 1154"/></Shape>
	    <String CONTENT="mergitis : Similiter si" HPOS="266" VPOS="1127" WIDTH="430" HEIGHT="58"/>
          </TextLine>

          
          
          <TextLine ID="eSc_line_419a43ab" TAGREFS="LT1979" BASELINE="269 1198 706 1201" HPOS="266" VPOS="1168" WIDTH="439" HEIGHT="58">
            <Shape><Polygon POINTS="266 1218 700 1227 706 1201 706 1171 269 1168 269 1198"/></Shape>
	    <String CONTENT="uerba superauerint geni" HPOS="266" VPOS="1168" WIDTH="439" HEIGHT="58"/>
          </TextLine>

          
          
          <TextLine ID="eSc_line_574089f0" TAGREFS="LT1979" BASELINE="266 1236 711 1239" HPOS="263" VPOS="1204" WIDTH="448" HEIGHT="61">
            <Shape><Polygon POINTS="263 1265 711 1265 711 1239 711 1207 266 1204 266 1236"/></Shape>
	    <String CONTENT="tiu&#361; .s. ista tamen habent" HPOS="263" VPOS="1204" WIDTH="448" HEIGHT="61" WC="0.981139146364652"/>
          </TextLine>

          
          
          <TextLine ID="eSc_line_f58ea0d5" TAGREFS="LT1979" BASELINE="266 1286 738 1280" HPOS="263" VPOS="1245" WIDTH="474" HEIGHT="67">
            <Shape><Polygon POINTS="266 1312 735 1300 738 1280 732 1245 263 1253 266 1286"/></Shape>
	    <String CONTENT="uocalem ante .o. ut torqueo" HPOS="263" VPOS="1245" WIDTH="474" HEIGHT="67"/>
          </TextLine>

          
          
          <TextLine ID="eSc_line_8bdeaead" TAGREFS="LT1979" BASELINE="263 1324 694 1324" HPOS="260" VPOS="1280" WIDTH="430" HEIGHT="73">
            <Shape><Polygon POINTS="682 1280 647 1280 612 1280 577 1280 541 1280 506 1280 471 1283 436 1283 401 1283 366 1283 331 1283 295 1283 260 1283 260 1321 260 1347 688 1353 691 1321 688 1280 682 1280"/></Shape>
	    <String CONTENT="torquis exceptis uerbis p&#869;" HPOS="260" VPOS="1280" WIDTH="430" HEIGHT="73"/>
          </TextLine>

          
          
          <TextLine ID="eSc_line_038b664a" TAGREFS="LT1979" BASELINE="266 1359 711 1359" HPOS="263" VPOS="1330" WIDTH="448" HEIGHT="55">
            <Shape><Polygon POINTS="266 1382 708 1385 711 1359 706 1330 263 1330 266 1359"/></Shape>
	    <String CONTENT="m&#281; c&#771;iugationis qu&#281; ueni" HPOS="263" VPOS="1330" WIDTH="448" HEIGHT="55"/>
          </TextLine>

          
          
          <TextLine ID="eSc_line_6e38affa" TAGREFS="LT1979" BASELINE="266 1394 720 1394" HPOS="266" VPOS="1368" WIDTH="454" HEIGHT="49">
            <Shape><Polygon POINTS="266 1417 720 1417 720 1394 720 1368 266 1368 266 1394"/></Shape>
	    <String CONTENT="unt .IIII&#867;. declinationis ut" HPOS="266" VPOS="1368" WIDTH="454" HEIGHT="49"/>
          </TextLine>

          
          
          <TextLine ID="eSc_line_35b40db8" TAGREFS="LT1979" BASELINE="266 1429 732 1435" HPOS="263" VPOS="1397" WIDTH="468" HEIGHT="67">
            <Shape><Polygon POINTS="263 1461 726 1464 732 1435 732 1400 266 1397 266 1429"/></Shape>
	    <String CONTENT="fluctuo Tumultuor Aestuo" HPOS="263" VPOS="1397" WIDTH="468" HEIGHT="67"/>
          </TextLine>

          
          
          <TextLine ID="eSc_line_cfa39f92" TAGREFS="LT1979" BASELINE="263 1482 726 1488" HPOS="260" VPOS="1441" WIDTH="465" HEIGHT="67">
            <Shape><Polygon POINTS="260 1500 723 1508 726 1488 723 1444 263 1441 263 1482"/></Shape>
	    <String CONTENT="Sinuo Insinuo ista en&#297; qu&#227;" HPOS="260" VPOS="1441" WIDTH="465" HEIGHT="67"/>
          </TextLine>

          
          
          <TextLine ID="eSc_line_fb2e41d9" TAGREFS="LT1979" BASELINE="266 1517 706 1523" HPOS="263" VPOS="1488" WIDTH="442" HEIGHT="55">
            <Shape><Polygon POINTS="263 1543 703 1543 706 1523 703 1494 266 1488 266 1517"/></Shape>
	    <String CONTENT="uis superent g&#7869;nitiu&#361; . ut" HPOS="263" VPOS="1488" WIDTH="442" HEIGHT="55"/>
          </TextLine>

          
          
          <TextLine ID="eSc_line_ecda7338" TAGREFS="LT1979" BASELINE="266 1549 714 1552" HPOS="257" VPOS="1491" WIDTH="454" HEIGHT="84">
            <Shape><Polygon POINTS="647 1517 612 1517 577 1517 541 1517 506 1517 471 1517 436 1517 401 1517 366 1517 331 1517 295 1517 260 1517 260 1546 257 1570 706 1576 711 1549 706 1491 682 1517"/></Shape>
	    <String CONTENT=".u. non amittant tam&#771; non st&#771;" HPOS="257" VPOS="1491" WIDTH="454" HEIGHT="84"/>
          </TextLine>

          
          
          <TextLine ID="eSc_line_6d1c8fa4" TAGREFS="LT1979" BASELINE="260 1582 723 1587" HPOS="254" VPOS="1523" WIDTH="462" HEIGHT="96">
            <Shape><Polygon POINTS="679 1549 644 1549 609 1549 574 1549 539 1549 503 1549 468 1549 433 1549 398 1549 363 1549 328 1549 292 1549 257 1546 257 1579 254 1614 565 1602 711 1620 717 1584 711 1523 694 1523 679 1549"/></Shape>
	    <String CONTENT="primitiua sed a nominib&#61868;" HPOS="254" VPOS="1523" WIDTH="462" HEIGHT="96"/>
          </TextLine>

          
          
          <TextLine ID="eSc_line_0d140280" TAGREFS="LT1979" BASELINE="260 1620 711 1625" HPOS="254" VPOS="1567" WIDTH="454" HEIGHT="82">
            <Shape><Polygon POINTS="679 1584 644 1584 609 1584 574 1584 539 1584 503 1584 468 1582 433 1582 398 1582 363 1582 328 1582 292 1582 278 1567 257 1567 257 1617 254 1649 706 1649 708 1623 706 1584 679 1584"/></Shape>
	    <String CONTENT="diriuant&#7633; et ide&#870; suNT" HPOS="254" VPOS="1567" WIDTH="454" HEIGHT="82"/>
          </TextLine>

          
          
          <TextLine ID="eSc_line_04a6a740" TAGREFS="LT1979" BASELINE="266 1672 711 1675" HPOS="266" VPOS="1640" WIDTH="445" HEIGHT="73">
            <Shape><Polygon POINTS="266 1702 711 1713 711 1675 711 1643 266 1640 266 1672"/></Shape>
	    <String CONTENT="prim&#281; coniugatioNis :" HPOS="266" VPOS="1640" WIDTH="445" HEIGHT="73"/>
          </TextLine>

          
        </TextBlock>
        
        <TextBlock HPOS="735" VPOS="202" WIDTH="2200" HEIGHT="3342" ID="eSc_textblock_c3826c65" TAGREFS="BT5747">
          <Shape><Polygon POINTS="735 208 773 3544 2750 3471 2715 1825 2915 1810 2935 1716 2727 1661 2727 960 2891 890 2718 843 2709 202"/></Shape>
          
          
          <TextLine ID="eSc_line_a181484c" TAGREFS="LT1980" BASELINE="788 254 1297 240" HPOS="785" VPOS="205" WIDTH="512" HEIGHT="82">
            <Shape><Polygon POINTS="1277 208 1262 205 1239 205 1230 205 1207 205 1183 205 1160 205 1136 205 1113 205 1089 205 1066 205 1042 205 1019 205 996 205 972 205 949 205 943 205 785 219 788 254 788 287 849 278 955 284 978 284 978 284 981 284 984 284 984 281 999 269 1294 269 1297 240 1294 222 1277 208"/></Shape>
	    <String CONTENT="Alii codices &#241; obseruauit" HPOS="785" VPOS="205" WIDTH="512" HEIGHT="82"/>
          </TextLine>

          
          
          <TextLine ID="eSc_line_8613da36" TAGREFS="LT1980" BASELINE="987 290 1133 290" HPOS="987" VPOS="251" WIDTH="146" HEIGHT="61">
            <Shape><Polygon POINTS="987 290 987 313 1133 307 1133 290 1130 251 987 254 987 290"/></Shape>
	    <String CONTENT="omne" HPOS="987" VPOS="251" WIDTH="146" HEIGHT="61" WC="0.999865218997002"/>
          </TextLine>

          
          
          <TextLine ID="eSc_line_b915ce54" TAGREFS="LT1980" BASELINE="2496 290 2695 290" HPOS="2496" VPOS="251" WIDTH="199" HEIGHT="67">
            <Shape><Polygon POINTS="2660 251 2636 251 2613 254 2589 254 2566 254 2542 254 2519 257 2496 257 2496 290 2496 310 2695 319 2695 290 2695 284 2683 272"/></Shape>
	    <String CONTENT="et &#297;pedio" HPOS="2496" VPOS="251" WIDTH="199" HEIGHT="67"/>
          </TextLine>

          
          
          <TextLine ID="eSc_line_1bfae414" TAGREFS="LT1979" BASELINE="793 336 1476 342 2443 395 2660 395" HPOS="793" VPOS="278" WIDTH="1866" HEIGHT="143">
            <Shape><Polygon POINTS="2200 325 2197 325 2182 319 2182 319 2179 319 2176 319 2173 319 2153 333 2150 333 1971 331 1968 325 1957 313 1954 313 1951 313 1948 313 1907 325 1901 325 1901 325 1869 301 1866 301 1866 301 1795 301 1795 301 1792 301 1766 316 1760 319 1749 316 1634 290 1145 278 1142 278 1142 278 1125 278 1122 292 1098 292 1075 292 1072 292 1063 295 1028 292 1028 292 1004 292 1001 290 793 278 793 336 793 360 1186 360 1236 375 1250 380 1253 380 1256 380 1259 380 1271 377 1312 366 1376 380 1379 380 1382 380 1391 380 1502 372 1520 383 1526 389 1526 389 1529 389 1532 389 1535 389 1543 383 1561 377 1608 386 1634 392 1637 392 1655 389 1702 380 1813 383 1822 395 1831 401 1833 401 1836 401 1839 401 1842 401 1866 395 1886 389 1895 395 1907 404 1910 404 1913 404 1913 404 2003 398 2062 395 2074 401 2094 410 2097 410 2100 410 2100 410 2124 404 2147 395 2182 404 2229 416 2232 416 2282 407 2308 404 2337 407 2402 421 2402 421 2657 418 2660 395 2660 357 2244 339 2241 336 2206 325 2200 325"/></Shape>
	    <String CONTENT="obseruet obseruationem clausul&#281; : A tertia quoq: rete retis. irretior pes -dis im" HPOS="793" VPOS="278" WIDTH="1866" HEIGHT="143"/>
          </TextLine>

          
          
          <TextLine ID="eSc_line_5cb06e74" TAGREFS="LT1980" BASELINE="2182 325 2692 336" HPOS="2179" VPOS="272" WIDTH="512" HEIGHT="90">
            <Shape><Polygon POINTS="2182 325 2179 345 2288 360 2686 363 2692 336 2692 304 2525 301 2510 292 2490 281 2487 281 2484 281 2431 287 2355 295 2332 281 2332 278 2329 278 2326 278 2323 278 2320 278 2285 290 2267 278 2264 275 2261 275 2197 272 2182 275"/></Shape>
	    <String CONTENT="illa que .o. inuenit&#7633; et irretio" HPOS="2179" VPOS="272" WIDTH="512" HEIGHT="90"/>
          </TextLine>

          
          
          <TextLine ID="eSc_line_37f8b6d2" TAGREFS="LT1980" BASELINE="978 395 1166 398" HPOS="972" VPOS="348" WIDTH="187" HEIGHT="70">
            <Shape><Polygon POINTS="975 392 972 418 1157 418 1160 395 1157 348 975 348 975 392"/></Shape>
	    <String CONTENT="magn&#297;tudo" HPOS="972" VPOS="348" WIDTH="187" HEIGHT="70"/>
          </TextLine>

          
          
          <TextLine ID="eSc_line_53d01a57" TAGREFS="LT1980" BASELINE="1195 398 1526 407" HPOS="1189" VPOS="348" WIDTH="333" HEIGHT="79">
            <Shape><Polygon POINTS="1192 395 1189 416 1514 427 1523 401 1520 357 1192 348 1192 395"/></Shape>
	    <String CONTENT="machinor excogito" HPOS="1189" VPOS="348" WIDTH="333" HEIGHT="79"/>
          </TextLine>

          
          
          <TextLine ID="eSc_line_5540ecac" TAGREFS="LT1980" BASELINE="1538 404 1637 407" HPOS="1532" VPOS="395" WIDTH="102" HEIGHT="41">
            <Shape><Polygon POINTS="1567 395 1532 395 1532 401 1532 436 1564 436 1634 430 1634 401 1634 395 1602 395"/></Shape>
	    <String CONTENT="tener" HPOS="1532" VPOS="395" WIDTH="102" HEIGHT="41"/>
          </TextLine>

          
          
          <TextLine ID="eSc_line_ff986825" TAGREFS="LT1980" BASELINE="1652 407 1872 413" HPOS="1646" VPOS="363" WIDTH="219" HEIGHT="64">
            <Shape><Polygon POINTS="1863 383 1649 380 1649 401 1646 421 1860 427 1866 410 1863 363 1860 363"/></Shape>
	    <String CONTENT="mollis efficio" HPOS="1646" VPOS="363" WIDTH="219" HEIGHT="64"/>
          </TextLine>

          
          
          <TextLine ID="eSc_line_b85c6dae" TAGREFS="LT1980" BASELINE="1930 416 2080 416" HPOS="1927" VPOS="366" WIDTH="149" HEIGHT="82">
            <Shape><Polygon POINTS="2068 375 2033 372 1998 372 1971 366 1927 366 1927 413 1927 433 2074 448 2077 413 2077 375 2068 375"/></Shape>
	    <String CONTENT="firmo" HPOS="1927" VPOS="366" WIDTH="149" HEIGHT="82"/>
          </TextLine>

          
          
          <TextLine ID="eSc_line_39f74386" TAGREFS="LT1980" BASELINE="2132 416 2375 427" HPOS="2126" VPOS="377" WIDTH="246" HEIGHT="67">
            <Shape><Polygon POINTS="2340 389 2305 383 2270 383 2235 380 2200 380 2165 377 2129 377 2129 413 2126 445 2370 445 2373 421 2370 389 2340 389"/></Shape>
	    <String CONTENT="t&#771;min&#42864; meta" HPOS="2126" VPOS="377" WIDTH="246" HEIGHT="67"/>
          </TextLine>

          
          
          <TextLine ID="eSc_line_43033fba" TAGREFS="LT1979" BASELINE="791 442 1502 445 2707 498" HPOS="788" VPOS="383" WIDTH="1918" HEIGHT="140">
            <Shape><Polygon POINTS="2639 454 2616 454 2592 457 2569 457 2542 457 2537 439 2490 436 2077 436 2065 424 2065 421 2062 421 2059 421 2056 421 1959 430 1842 416 1781 427 1778 427 1775 427 1760 413 1757 413 1754 413 1687 421 1628 407 1625 407 1623 407 1541 418 1526 407 1514 407 1494 407 1470 407 1447 407 1441 404 1010 404 984 404 978 401 908 383 905 383 791 395 791 442 788 462 1318 480 1412 468 1831 483 1848 498 1851 498 1854 498 1863 498 1983 486 2182 509 2203 509 2206 509 2211 509 2261 500 2701 524 2707 498 2704 457 2663 451 2663 454"/></Shape>
	    <String CONTENT="pedior Moles -lis molior mollis mollio, Stabilis Stabilio, Finis finio, inanis exinanio" HPOS="788" VPOS="383" WIDTH="1918" HEIGHT="140"/>
          </TextLine>

          
          
          <TextLine ID="eSc_line_9daef69b" TAGREFS="LT1980" BASELINE="2542 457 2666 451" HPOS="2537" VPOS="418" WIDTH="128" HEIGHT="55">
            <Shape><Polygon POINTS="2542 457 2542 474 2666 474 2666 451 2660 418 2537 418 2542 457"/></Shape>
	    <String CONTENT="uacuo" HPOS="2537" VPOS="418" WIDTH="128" HEIGHT="55" WC="0.973746383190155"/>
          </TextLine>

          
          
          <TextLine ID="eSc_line_8ee05b46" TAGREFS="LT1980" BASELINE="791 483 972 489" HPOS="788" VPOS="445" WIDTH="184" HEIGHT="70">
            <Shape><Polygon POINTS="791 483 788 509 911 515 914 515 969 500 972 489 969 451 791 445 791 483"/></Shape>
	    <String CONTENT="nobilis" HPOS="788" VPOS="445" WIDTH="184" HEIGHT="70" WC="0.99334260395595"/>
          </TextLine>

          
          
          <TextLine ID="eSc_line_57ef24c7" TAGREFS="LT1980" BASELINE="1048 489 1230 492" HPOS="1042" VPOS="465" WIDTH="184" HEIGHT="52">
            <Shape><Polygon POINTS="1042 518 1224 518 1227 489 1224 468 1042 465 1045 486"/></Shape>
	    <String CONTENT="nobilito" HPOS="1042" VPOS="465" WIDTH="184" HEIGHT="52"/>
          </TextLine>

          
          
          <TextLine ID="eSc_line_4a8ab031" TAGREFS="LT1980" BASELINE="1365 492 1623 495" HPOS="1359" VPOS="445" WIDTH="263" HEIGHT="76">
            <Shape><Polygon POINTS="1397 445 1362 445 1362 489 1359 518 1614 521 1620 492 1623 465 1447 471 1429 465"/></Shape>
	    <String CONTENT="munio circ&#361;do" HPOS="1359" VPOS="445" WIDTH="263" HEIGHT="76"/>
          </TextLine>

          
          
          <TextLine ID="eSc_line_272d3825" TAGREFS="LT1980" BASELINE="1672 495 1836 498" HPOS="1669" VPOS="451" WIDTH="161" HEIGHT="76">
            <Shape><Polygon POINTS="1778 477 1746 462 1696 477 1669 451 1669 492 1669 521 1828 527 1831 492 1828 454 1810 480"/></Shape>
	    <String CONTENT="sic i&#771; habeo" HPOS="1669" VPOS="451" WIDTH="161" HEIGHT="76"/>
          </TextLine>

          
          
          <TextLine ID="eSc_line_58e2796c" TAGREFS="LT1980" BASELINE="1910 509 2030 512" HPOS="1901" VPOS="483" WIDTH="123" HEIGHT="55">
            <Shape><Polygon POINTS="1901 524 2018 539 2024 509 2024 483 1913 486 1907 506"/></Shape>
	    <String CONTENT="induo" HPOS="1901" VPOS="483" WIDTH="123" HEIGHT="55"/>
          </TextLine>

          
          
          <TextLine ID="eSc_line_97fafa61" TAGREFS="LT1980" BASELINE="2059 509 2226 518" HPOS="2053" VPOS="465" WIDTH="169" HEIGHT="76">
            <Shape><Polygon POINTS="2156 500 2121 489 2088 489 2085 465 2056 465 2056 506 2053 539 2214 541 2223 515 2214 471 2197 471"/></Shape>
	    <String CONTENT="inde uestit&#42864;" HPOS="2053" VPOS="465" WIDTH="169" HEIGHT="76"/>
          </TextLine>

          
          
          <TextLine ID="eSc_line_80ffc812" TAGREFS="LT1979" BASELINE="782 533 1611 544 2554 585 2636 580" HPOS="779" VPOS="483" WIDTH="1857" HEIGHT="123">
            <Shape><Polygon POINTS="1910 509 1775 518 1772 518 1769 518 1611 498 1608 498 1406 509 1382 509 1374 509 1315 495 1297 495 1274 495 1259 495 1212 500 1189 500 1066 500 1063 498 1051 492 1040 492 1016 492 1013 483 972 483 969 489 946 489 922 489 899 486 782 489 782 533 779 565 972 568 975 568 978 568 1013 556 1075 571 1078 571 1081 571 1083 571 1259 568 1289 577 1297 580 1300 580 1303 580 1306 580 1306 580 1309 580 1330 565 1350 574 1353 574 1353 574 1450 562 1751 568 1775 585 1778 585 1781 585 1784 585 1895 577 1921 591 1924 594 1927 594 1930 594 2021 600 2024 600 2074 594 2165 585 2182 597 2185 600 2188 600 2191 600 2194 600 2214 597 2296 591 2630 606 2636 580 2633 544 2320 521 2317 521 2074 527 2027 527 1939 524 1939 521 1921 509 1910 509"/></Shape>
	    <String CONTENT="in&#822;asignis Insignio sepes Sepio Sitis sitio uestis uestio custos custodio Mens" HPOS="779" VPOS="483" WIDTH="1857" HEIGHT="123"/>
          </TextLine>

          
          
          <TextLine ID="eSc_line_a472a24d" TAGREFS="LT1980" BASELINE="2501 530 2709 536" HPOS="2499" VPOS="500" WIDTH="210" HEIGHT="67">
            <Shape><Polygon POINTS="2499 550 2707 568 2709 536 2707 509 2501 500 2501 530"/></Shape>
	    <String CONTENT="conscientia" HPOS="2499" VPOS="500" WIDTH="210" HEIGHT="67"/>
          </TextLine>

          
          
          <TextLine ID="eSc_line_5826f8d5" TAGREFS="LT1980" BASELINE="1025 580 1151 583" HPOS="1016" VPOS="536" WIDTH="131" HEIGHT="70">
            <Shape><Polygon POINTS="1125 536 1089 536 1078 536 1019 536 1019 577 1016 606 1142 606 1148 580 1139 536 1125 536"/></Shape>
	    <String CONTENT="diuisio" HPOS="1016" VPOS="536" WIDTH="131" HEIGHT="70"/>
          </TextLine>

          
          
          <TextLine ID="eSc_line_73d6e379" TAGREFS="LT1980" BASELINE="1218 585 1359 588" HPOS="1209" VPOS="541" WIDTH="143" HEIGHT="67">
            <Shape><Polygon POINTS="1212 580 1209 606 1347 609 1353 585 1350 541 1212 541 1212 580"/></Shape>
	    <String CONTENT="diuido" HPOS="1209" VPOS="541" WIDTH="143" HEIGHT="67"/>
          </TextLine>

          
          
          <TextLine ID="eSc_line_f389907e" TAGREFS="LT1980" BASELINE="1391 588 1907 600" HPOS="1385" VPOS="541" WIDTH="515" HEIGHT="79">
            <Shape><Polygon POINTS="1880 556 1875 553 1388 541 1388 585 1385 615 1895 621 1901 597 1898 556 1880 556"/></Shape>
	    <String CONTENT="pars et electio : accipio eligo" HPOS="1385" VPOS="541" WIDTH="515" HEIGHT="79"/>
          </TextLine>

          
          
          <TextLine ID="eSc_line_5fad2970" TAGREFS="LT1979" BASELINE="782 629 1561 641 2689 682" HPOS="782" VPOS="574" WIDTH="1907" HEIGHT="146">
            <Shape><Polygon POINTS="2282 618 2273 615 2238 624 2206 626 2194 621 2185 615 2182 615 2182 615 2179 615 2118 618 2065 624 2053 615 2044 609 2041 609 2041 609 2039 609 2006 615 1977 621 1880 612 1819 603 1816 603 1784 606 1716 615 1608 603 1552 594 1549 594 1458 594 1245 600 1218 588 1212 585 1212 585 1209 585 1204 585 1189 585 1095 594 1069 583 1063 583 1040 583 1037 580 987 591 782 574 782 629 782 662 1040 650 1154 659 1186 673 1192 676 1195 676 1198 676 1201 676 1201 676 1204 673 1221 665 1702 667 1731 688 1737 694 1737 694 1740 694 1743 694 1746 694 1751 691 1781 673 1828 694 1848 700 1851 700 1854 700 1883 694 1948 679 2006 697 2036 708 2039 708 2446 720 2449 720 2487 711 2490 711 2493 711 2586 697 2683 717 2689 682 2689 638 2367 635 2334 626 2296 618 2282 618"/></Shape>
	    <String CONTENT="Mentior Pars Partior Sors Sortior : A quarta en&#297; gestus. Gestio notat&#7633; *Crux" HPOS="782" VPOS="574" WIDTH="1907" HEIGHT="146"/>
          </TextLine>

          
          
          <TextLine ID="eSc_line_a284ef3b" TAGREFS="LT1980" BASELINE="2088 609 2302 618" HPOS="2083" VPOS="562" WIDTH="216" HEIGHT="79">
            <Shape><Polygon POINTS="2085 606 2083 641 2296 641 2299 615 2296 574 2226 571 2156 568 2085 562 2085 606"/></Shape>
	    <String CONTENT="mot&#42864; corpu&#771;s" HPOS="2083" VPOS="562" WIDTH="216" HEIGHT="79"/>
          </TextLine>

          
          
          <TextLine ID="eSc_line_11438f02" TAGREFS="LT1980" BASELINE="2320 618 2630 629" HPOS="2314" VPOS="574" WIDTH="310" HEIGHT="82">
            <Shape><Polygon POINTS="2598 580 2563 580 2528 580 2493 580 2458 577 2422 577 2387 577 2358 574 2317 574 2317 615 2314 644 2619 656 2625 626 2622 580 2598 580"/></Shape>
	    <String CONTENT="desidero excipit&#7633;" HPOS="2314" VPOS="574" WIDTH="310" HEIGHT="82"/>
          </TextLine>

          
          
          <TextLine ID="eSc_line_d1b280c3" TAGREFS="LT1980" BASELINE="755 679 1160 673" HPOS="750" VPOS="624" WIDTH="407" HEIGHT="84">
            <Shape><Polygon POINTS="1136 632 1101 632 1066 632 1031 629 996 629 960 629 925 629 890 629 855 629 820 629 785 629 782 624 750 624 752 676 752 708 1157 703 1157 667 1151 632 1136 632"/></Shape>
	    <String CONTENT="torqueo passion&#7869; sustineo" HPOS="750" VPOS="624" WIDTH="407" HEIGHT="84"/>
          </TextLine>

          
          
          <TextLine ID="eSc_line_fe6848a9" TAGREFS="LT1979" BASELINE="791 720 1558 726 2651 779" HPOS="791" VPOS="656" WIDTH="1860" HEIGHT="143">
            <Shape><Polygon POINTS="1095 673 1078 673 1037 685 1034 685 870 679 861 679 837 679 814 679 791 679 791 720 791 744 1294 744 1327 755 1330 755 1330 755 1608 755 1643 767 1649 770 1652 770 1655 770 1655 770 1664 767 1702 755 2648 799 2651 779 2651 738 2542 738 2534 732 2490 714 2487 714 2484 714 2349 726 2320 729 2311 726 2250 700 2250 700 2003 700 2000 700 1998 700 1959 714 1957 714 1951 714 1839 673 1836 673 1833 673 1725 685 1693 670 1690 670 1532 665 1529 665 1526 665 1458 685 1400 662 1397 662 1294 656 1294 656 1245 659 1242 659 1186 688 1180 688 1104 673 1095 673"/></Shape>
	    <String CONTENT="Crucio -as. c&#361;ca rons. Obseruationibus p&#869;m&#281; debuit ee&#830; quart&#281; coniugationis : Calcio" HPOS="791" VPOS="656" WIDTH="1860" HEIGHT="143"/>
          </TextLine>

          
          
          <TextLine ID="eSc_line_45b28abd" TAGREFS="LT1980" BASELINE="2493 723 2651 729" HPOS="2484" VPOS="679" WIDTH="164" HEIGHT="76">
            <Shape><Polygon POINTS="2484 744 2639 755 2648 726 2642 682 2490 679 2490 720"/></Shape>
	    <String CONTENT="uerbu&#771;" HPOS="2484" VPOS="679" WIDTH="164" HEIGHT="76"/>
          </TextLine>

          
          
          <TextLine ID="eSc_line_6039efbf" TAGREFS="LT1980" BASELINE="1019 770 1435 764" HPOS="1016" VPOS="726" WIDTH="416" HEIGHT="82">
            <Shape><Polygon POINTS="1019 808 1066 791 1429 791 1432 761 1429 726 1016 747 1016 767"/></Shape>
	    <String CONTENT=".s. a no&#771;e t&#879;risillabo m&#879;inus" HPOS="1016" VPOS="726" WIDTH="416" HEIGHT="82"/>
          </TextLine>

          
          
          <TextLine ID="eSc_line_89efdaa5" TAGREFS="LT1980" BASELINE="1333 802 1538 805" HPOS="1327" VPOS="732" WIDTH="205" HEIGHT="87">
            <Shape><Polygon POINTS="1365 767 1330 767 1330 799 1327 814 1526 820 1532 802 1526 732 1444 776 1400 767"/></Shape>
	    <String CONTENT="&#247; calcaneu&#771;" HPOS="1327" VPOS="732" WIDTH="205" HEIGHT="87"/>
          </TextLine>

          
          
          <TextLine ID="eSc_line_55455ee0" TAGREFS="LT1980" BASELINE="1558 788 1889 788" HPOS="1555" VPOS="758" WIDTH="331" HEIGHT="49">
            <Shape><Polygon POINTS="1555 808 1880 799 1883 785 1886 758 1558 758 1555 785"/></Shape>
	    <String CONTENT=".s. nomine&#830; trisillabo" HPOS="1555" VPOS="758" WIDTH="331" HEIGHT="49"/>
          </TextLine>

          
          
          <TextLine ID="eSc_line_7b517d93" TAGREFS="LT1980" BASELINE="1910 796 2736 811" HPOS="1901" VPOS="747" WIDTH="829" HEIGHT="93">
            <Shape><Polygon POINTS="2607 773 2572 770 2537 770 2501 770 2466 767 2431 767 2396 764 2361 764 2326 761 2291 761 2255 755 2223 755 2188 752 2153 752 2118 750 2091 779 2050 770 1907 747 1907 791 1901 814 2106 820 2112 817 2147 817 2182 820 2217 820 2226 823 2314 832 2317 817 2358 832 2393 832 2428 832 2431 834 2569 826 2569 840 2727 823 2730 808 2730 752 2666 785 2642 773"/></Shape>
	    <String CONTENT="&#247; penultim&#227; si ab&amp; cuius gent&#771;s sillabar&#361; &#247;" HPOS="1901" VPOS="747" WIDTH="829" HEIGHT="93"/>
          </TextLine>

          
          
          <TextLine ID="eSc_line_db8035fa" TAGREFS="LT1979" BASELINE="785 829 1611 834 2671 875" HPOS="779" VPOS="755" WIDTH="1889" HEIGHT="155">
            <Shape><Polygon POINTS="2393 837 2358 837 2323 837 2288 837 2264 808 2244 808 2223 826 2188 826 2153 823 2118 823 2091 805 1532 796 1520 802 1485 802 1450 802 1415 802 1379 802 1344 802 1327 785 1291 770 1289 770 1283 770 1107 782 1066 767 1063 767 1028 767 1025 764 940 779 802 755 799 755 796 755 791 755 782 764 782 826 779 846 1297 864 1306 864 1341 864 1376 864 1412 861 1447 861 1482 861 1514 861 1549 861 1584 861 1620 861 1655 861 1664 875 2660 911 2668 873 2666 820 2419 814 2393 837"/></Shape>
	    <String CONTENT="enim .as. calx -cis sed a caltius diriuatum quia penultim&#281; infertur consonans" HPOS="779" VPOS="755" WIDTH="1889" HEIGHT="155"/>
          </TextLine>

          
          
          <TextLine ID="eSc_line_b01c594c" TAGREFS="LT1980" BASELINE="2109 823 2235 832" HPOS="2103" VPOS="796" WIDTH="128" HEIGHT="55">
            <Shape><Polygon POINTS="2176 799 2141 796 2106 796 2106 820 2103 843 2162 846 2173 846 2182 846 2226 852 2232 826 2229 799 2211 799"/></Shape>
	    <String CONTENT=".s. sillab&#281;" HPOS="2103" VPOS="796" WIDTH="128" HEIGHT="55"/>
          </TextLine>

          
          
          <TextLine ID="eSc_line_160cf25d" TAGREFS="LT1980" BASELINE="2273 840 2431 837" HPOS="2267" VPOS="802" WIDTH="161" HEIGHT="52">
            <Shape><Polygon POINTS="2408 805 2373 802 2337 802 2302 802 2267 802 2270 837 2270 852 2305 852 2317 852 2422 855 2428 834 2419 805 2408 805"/></Shape>
	    <String CONTENT="ingerit&#7633;" HPOS="2267" VPOS="802" WIDTH="161" HEIGHT="52"/>
          </TextLine>

          
          
          <TextLine ID="eSc_line_ce51fb5e" TAGREFS="LT1980" BASELINE="793 878 1687 870" HPOS="791" VPOS="840" WIDTH="896" HEIGHT="67">
            <Shape><Polygon POINTS="793 878 793 908 1684 908 1687 870 1681 843 791 840 793 878"/></Shape>
	    <String CONTENT="* qu&#281; &#241; est in no&#771;e calx penultima s&#61868; in caltius no&#771;e" HPOS="791" VPOS="840" WIDTH="896" HEIGHT="67"/>
          </TextLine>

          
          
          <TextLine ID="eSc_line_28784a38" TAGREFS="LT1980" BASELINE="2692 887 2830 893" HPOS="2686" VPOS="826" WIDTH="140" HEIGHT="84">
            <Shape><Polygon POINTS="2759 855 2739 837 2707 826 2689 826 2689 881 2686 911 2824 911 2827 890 2824 870 2794 864"/></Shape>
	    <String CONTENT="qt&#7633; &amp; prima" HPOS="2686" VPOS="826" WIDTH="140" HEIGHT="84"/>
          </TextLine>

          
          
          <TextLine ID="eSc_line_16b0f41f" TAGREFS="LT1979" BASELINE="793 943 1851 949 2642 972" HPOS="788" VPOS="873" WIDTH="1851" HEIGHT="114">
            <Shape><Polygon POINTS="1212 873 1189 873 1083 881 1063 881 1054 881 1034 875 1001 875 966 875 931 875 896 875 861 875 826 875 791 875 791 940 788 960 1488 969 1491 966 1526 966 1561 966 1596 966 1631 966 1666 966 1702 966 1705 969 2633 987 2639 969 2636 908 2548 887 2545 887 2449 905 2440 905 2425 905 2334 881 2332 881 2188 896 2147 878 2144 878 1725 873 1722 873 1555 890 1532 890 1274 890 1271 887 1242 873 1212 873"/></Shape>
	    <String CONTENT="iure uidetur e&#830;e p&#869;m&#281; coniugationis. CONSONANTE VERO P&#771;CEDENTE" HPOS="788" VPOS="873" WIDTH="1851" HEIGHT="114"/>
          </TextLine>

          
          
          <TextLine ID="eSc_line_01a0b522" TAGREFS="LT1980" BASELINE="2654 922 2885 922" HPOS="2651" VPOS="878" WIDTH="231" HEIGHT="87">
            <Shape><Polygon POINTS="2791 902 2762 908 2721 914 2701 905 2651 878 2651 916 2651 949 2674 966 2677 966 2683 966 2686 966 2882 958 2882 916 2882 878 2827 878 2838 905"/></Shape>
	    <String CONTENT="&#42833;sona &#361;bi" HPOS="2651" VPOS="878" WIDTH="231" HEIGHT="87"/>
          </TextLine>

          
          
          <TextLine ID="eSc_line_82f4bfbe" TAGREFS="LT1980" BASELINE="1473 978 1708 972" HPOS="1467" VPOS="946" WIDTH="237" HEIGHT="64">
            <Shape><Polygon POINTS="1678 946 1643 946 1608 946 1573 946 1538 946 1502 946 1467 946 1470 975 1470 1010 1702 993 1705 969 1699 946 1678 946"/></Shape>
	    <String CONTENT=".s. obseruatis" HPOS="1467" VPOS="946" WIDTH="237" HEIGHT="64"/>
          </TextLine>

          
          
          <TextLine ID="eSc_line_e9fbd744" TAGREFS="LT1979" BASELINE="791 1016 1649 1025 2695 1051" HPOS="791" VPOS="949" WIDTH="1904" HEIGHT="143">
            <Shape><Polygon POINTS="791 1016 791 1057 852 1045 916 1060 919 1060 922 1060 925 1060 978 1042 1189 1045 1250 1066 1262 1069 1265 1069 1268 1069 1321 1069 1321 1069 1324 1069 1327 1069 1330 1066 1347 1051 1426 1066 1438 1069 1441 1069 1444 1069 1444 1069 1447 1066 1447 1066 1473 1051 1699 1054 1722 1069 1734 1078 1737 1078 1737 1078 1848 1081 1851 1081 1854 1081 1883 1072 1921 1060 1959 1072 1989 1081 1992 1081 1995 1081 2056 1072 2100 1069 2124 1075 2159 1083 2162 1083 2165 1083 2167 1083 2170 1083 2182 1075 2197 1066 2293 1069 2305 1078 2323 1089 2326 1089 2329 1089 2332 1089 2378 1081 2625 1092 2625 1092 2692 1081 2695 1051 2695 1010 2402 1004 2396 999 2370 987 2367 987 2367 987 2364 987 2334 999 2326 1001 2288 999 2135 978 2132 978 2129 978 2100 993 1948 969 1948 969 1804 984 1699 963 1696 963 1693 963 1637 984 1617 987 1552 981 1420 963 1417 963 1415 963 1412 963 1388 975 1350 958 1347 958 1344 958 1341 958 1297 975 1277 981 1207 981 1195 972 1174 955 1171 955 1168 955 1001 952 999 952 996 952 958 963 952 966 937 963 837 949 837 949 834 949 791 960 791 1016"/></Shape>
	    <String CONTENT="sem&#42833; uerba de nominibus p&#771;dictis modis p&#869;m&#281; s&#771; solius coniugationis. Adeoq; uera" HPOS="791" VPOS="949" WIDTH="1904" HEIGHT="143"/>
          </TextLine>

          
          
          <TextLine ID="eSc_line_cba89df4" TAGREFS="LT1980" BASELINE="2419 1022 2771 1016" HPOS="2411" VPOS="958" WIDTH="354" HEIGHT="87">
            <Shape><Polygon POINTS="2414 1019 2419 1037 2428 1037 2440 1031 2633 1040 2660 1040 2660 1040 2759 1045 2762 1045 2765 1013 2756 958 2411 969 2414 1019"/></Shape>
	    <String CONTENT="in tant&#361; &#322; maxime" HPOS="2411" VPOS="958" WIDTH="354" HEIGHT="87"/>
          </TextLine>

          
          
          <TextLine ID="eSc_line_8cb76401" TAGREFS="LT1980" BASELINE="1432 1069 1664 1069" HPOS="1432" VPOS="1034" WIDTH="231" HEIGHT="64">
            <Shape><Polygon POINTS="1432 1098 1664 1089 1664 1069 1664 1034 1432 1034 1432 1069"/></Shape>
	    <String CONTENT=".s. in uerbis" HPOS="1432" VPOS="1034" WIDTH="231" HEIGHT="64"/>
          </TextLine>

          
          
          <TextLine ID="eSc_line_4c3969f1" TAGREFS="LT1979" BASELINE="791 1119 1968 1130 2707 1157" HPOS="788" VPOS="1051" WIDTH="1918" HEIGHT="140">
            <Shape><Polygon POINTS="1470 1069 1453 1069 1417 1078 1376 1060 1374 1060 1371 1060 1201 1081 1192 1081 1189 1081 1136 1057 1133 1057 1051 1054 943 1054 943 1054 940 1054 902 1069 858 1051 855 1051 852 1051 849 1051 791 1072 791 1119 788 1148 858 1142 887 1151 919 1163 922 1163 925 1163 990 1154 1013 1151 1031 1157 1072 1166 1072 1166 1075 1166 1078 1166 1101 1157 1119 1151 1265 1151 1450 1163 1605 1174 1608 1174 1772 1171 2015 1163 2065 1163 2088 1174 2094 1183 2097 1183 2100 1183 2100 1183 2153 1177 2235 1168 2252 1180 2255 1183 2258 1183 2261 1183 2504 1189 2507 1189 2507 1189 2525 1186 2554 1174 2572 1186 2583 1192 2586 1192 2589 1192 2707 1186 2707 1157 2707 1101 2607 1104 2598 1098 2563 1081 2560 1081 2557 1081 2554 1081 2496 1095 2490 1098 2484 1095 2434 1078 2431 1078 2428 1078 2425 1078 2390 1095 2381 1098 2044 1095 2030 1092 1986 1081 1983 1081 1983 1081 1898 1089 1889 1089 1883 1089 1828 1072 1825 1072 1822 1072 1757 1083 1722 1066 1719 1066 1716 1066 1634 1083 1625 1086 1494 1086 1494 1083 1476 1069 1470 1069"/></Shape>
	    <String CONTENT="uidetur ee&#830; obseruatio clausularum q&#273; ex una terminatione nominis du&#281; &#361;bi facte" HPOS="788" VPOS="1051" WIDTH="1918" HEIGHT="140"/>
          </TextLine>

          
          
          <TextLine ID="eSc_line_044bfc49" TAGREFS="LT1979" BASELINE="793 1204 2707 1233" HPOS="791" VPOS="1142" WIDTH="1916" HEIGHT="128">
            <Shape><Polygon POINTS="793 1204 791 1224 843 1242 846 1242 849 1242 914 1230 1119 1245 1122 1245 1309 1236 1379 1256 1382 1256 1804 1259 1807 1259 1918 1248 2039 1265 2041 1265 2229 1250 2241 1250 2252 1250 2411 1271 2414 1271 2704 1256 2707 1233 2701 1171 2557 1189 2449 1174 2446 1174 2443 1174 2419 1186 2291 1186 2270 1168 2270 1166 2267 1166 2264 1166 2261 1166 2124 1177 1913 1160 1889 1160 1889 1160 1880 1160 1822 1174 1702 1157 1690 1157 1690 1157 1687 1157 1684 1157 1655 1174 1561 1174 1526 1154 1520 1151 1517 1151 1514 1151 1494 1154 1385 1171 1309 1157 1306 1157 1201 1166 1177 1151 1174 1148 1171 1148 1168 1148 1166 1148 1125 1151 975 1163 931 1148 914 1142 911 1142 908 1142 793 1145 793 1204"/></Shape>
	    <String CONTENT="diriuationes diuersam &#42835; qualitate finalitatis coniugationem meruerunt. Vt" HPOS="791" VPOS="1142" WIDTH="1916" HEIGHT="128"/>
          </TextLine>

          
          
          <TextLine ID="eSc_line_ea38ea2c" TAGREFS="LT1980" BASELINE="887 1248 1341 1256" HPOS="884" VPOS="1218" WIDTH="457" HEIGHT="55">
            <Shape><Polygon POINTS="887 1248 884 1274 1341 1274 1341 1256 1341 1221 887 1218 887 1248"/></Shape>
	    <String CONTENT="finis t&#771;minus : figo t&#771;mino" HPOS="884" VPOS="1218" WIDTH="457" HEIGHT="55"/>
          </TextLine>

          
          
          <TextLine ID="eSc_line_83a9ade3" TAGREFS="LT1980" BASELINE="1995 1265 2182 1271" HPOS="1992" VPOS="1236" WIDTH="190" HEIGHT="52">
            <Shape><Polygon POINTS="1995 1265 1992 1286 2179 1289 2182 1271 2182 1242 1995 1236 1995 1265"/></Shape>
	    <String CONTENT="&#247; mensuro" HPOS="1992" VPOS="1236" WIDTH="190" HEIGHT="52"/>
          </TextLine>

          
          
          <TextLine ID="eSc_line_a145c3e8" TAGREFS="LT1979" BASELINE="796 1291 2718 1324" HPOS="793" VPOS="1239" WIDTH="1924" HEIGHT="128">
            <Shape><Polygon POINTS="2179 1271 2156 1271 2147 1271 2036 1277 1959 1265 1898 1256 1895 1256 1833 1265 1778 1271 1751 1262 1737 1256 1737 1256 1734 1256 1705 1262 1655 1268 1593 1259 1535 1250 1532 1250 1476 1256 1409 1265 1376 1256 1350 1245 1347 1245 1344 1245 1341 1245 1341 1245 1335 1256 1327 1256 1306 1265 937 1262 911 1250 890 1250 884 1239 878 1239 875 1239 873 1239 796 1245 796 1291 793 1324 829 1335 832 1335 834 1335 837 1335 858 1324 867 1321 1204 1321 1259 1330 1376 1344 1379 1344 1456 1333 1479 1327 1485 1333 1502 1347 1502 1347 1505 1347 1508 1347 1511 1347 1538 1333 1543 1330 1608 1330 1617 1335 1631 1347 1634 1347 1637 1347 1772 1350 1772 1350 1872 1335 1889 1335 1901 1335 1959 1353 1959 1353 1962 1353 2150 1341 2217 1359 2220 1359 2223 1359 2387 1344 2431 1344 2449 1359 2449 1362 2452 1362 2455 1362 2583 1365 2586 1368 2671 1368 2671 1365 2674 1365 2718 1347 2718 1324 2718 1277 2625 1274 2625 1274 2622 1274 2619 1274 2616 1277 2595 1289 2572 1277 2554 1265 2554 1265 2551 1265 2510 1274 2449 1286 2364 1271 2302 1262 2299 1262 2188 1268 2179 1268 2179 1271"/></Shape>
	    <String CONTENT="q&#273; &#7869; meta Metor -aris prim&#281; coniugationis &#7869;. Et metior &#42839;&#273; &#7869; metiris quart&#281; &#7869;" HPOS="793" VPOS="1239" WIDTH="1924" HEIGHT="128"/>
          </TextLine>

          
          
          <TextLine ID="eSc_line_dd5a8064" TAGREFS="LT1979" BASELINE="791 1394 2707 1423" HPOS="788" VPOS="1330" WIDTH="1918" HEIGHT="128">
            <Shape><Polygon POINTS="791 1394 788 1412 937 1432 940 1432 1066 1417 1083 1417 1104 1420 1233 1438 1236 1438 1602 1432 1819 1429 2059 1444 2124 1447 2126 1447 2144 1447 2223 1438 2258 1450 2273 1453 2276 1453 2411 1456 2414 1456 2446 1453 2554 1441 2701 1458 2707 1423 2701 1362 2660 1376 2622 1359 2613 1359 2613 1359 2610 1359 2578 1359 2408 1374 2326 1374 2305 1356 2302 1356 2299 1356 2296 1356 2296 1356 2182 1371 2156 1359 2153 1359 2150 1359 2018 1365 1980 1347 1971 1347 1968 1347 1842 1347 1842 1347 1839 1347 1836 1347 1798 1362 1737 1350 1737 1350 1532 1359 1508 1341 1505 1338 1502 1338 1502 1338 1500 1338 1497 1338 1491 1341 1456 1350 1415 1341 1412 1341 1412 1341 1409 1341 1376 1359 1086 1356 1022 1333 1019 1333 1016 1333 1013 1333 1007 1333 943 1344 791 1330 791 1394"/></Shape>
	    <String CONTENT="Seruus Seruo -as prim&#281; est : Seruio aut&#7869; seruis q&#273; in .io. desinit quart&#281; est. A sanus" HPOS="788" VPOS="1330" WIDTH="1918" HEIGHT="128"/>
          </TextLine>

          
          
          <TextLine ID="eSc_line_2d9380ea" TAGREFS="LT1980" BASELINE="1429 1453 1983 1453" HPOS="1429" VPOS="1412" WIDTH="553" HEIGHT="67">
            <Shape><Polygon POINTS="1968 1412 1429 1415 1429 1453 1429 1479 1983 1473 1983 1453 1980 1412 1968 1412"/></Shape>
	    <String CONTENT="am&#771;tor insanit en&#297; qui &#241; est san&#42864;" HPOS="1429" VPOS="1412" WIDTH="553" HEIGHT="67"/>
          </TextLine>

          
          
          <TextLine ID="eSc_line_4631294f" TAGREFS="LT1980" BASELINE="2367 1464 2660 1464" HPOS="2367" VPOS="1426" WIDTH="292" HEIGHT="73">
            <Shape><Polygon POINTS="2367 1464 2367 1488 2496 1500 2496 1500 2660 1488 2660 1464 2660 1429 2367 1426 2367 1464"/></Shape>
	    <String CONTENT="c&#771;ueniens &#8266; dign&#42864;" HPOS="2367" VPOS="1426" WIDTH="292" HEIGHT="73"/>
          </TextLine>

          
          
          <TextLine ID="eSc_line_abedccc1" TAGREFS="LT1979" BASELINE="796 1488 2677 1511" HPOS="793" VPOS="1429" WIDTH="1883" HEIGHT="114">
            <Shape><Polygon POINTS="2648 1464 2625 1464 2601 1464 2578 1464 2554 1464 2531 1464 2507 1464 2484 1464 2472 1464 2375 1467 2346 1456 2320 1447 2320 1447 2317 1447 2261 1456 2247 1458 2241 1456 2211 1444 2208 1444 2077 1444 2077 1444 1995 1453 1913 1464 1792 1453 1781 1453 1757 1453 1734 1453 1710 1453 1687 1453 1664 1453 1640 1453 1620 1453 1435 1458 1417 1450 1400 1438 1397 1438 1394 1438 1391 1438 1341 1450 1321 1453 1315 1447 1294 1435 1294 1435 1291 1435 1092 1432 1089 1432 1086 1432 1048 1444 1037 1450 1025 1444 999 1429 996 1429 993 1429 796 1441 796 1488 793 1508 826 1523 826 1523 829 1523 914 1511 972 1523 975 1523 978 1523 1007 1511 1212 1529 1215 1529 1350 1517 1423 1532 1426 1532 1582 1520 1807 1535 1807 1535 1810 1535 1839 1523 1854 1535 1854 1535 1857 1535 1860 1535 2053 1523 2402 1541 2405 1541 2408 1541 2411 1541 2425 1529 2522 1543 2525 1543 2674 1529 2677 1511 2671 1461 2648 1461 2648 1464"/></Shape>
	    <String CONTENT="aut&#7869; sano -as q&#273; prima in sanio aut&#7869; insanis : quarta : et abeo q&#273; est aptus apto -as" HPOS="793" VPOS="1429" WIDTH="1883" HEIGHT="114"/>
          </TextLine>

          
          
          <TextLine ID="eSc_line_a8bac048" TAGREFS="LT1980" BASELINE="1526 1538 1740 1538" HPOS="1526" VPOS="1511" WIDTH="213" HEIGHT="55">
            <Shape><Polygon POINTS="1526 1538 1526 1567 1740 1552 1740 1538 1740 1511 1526 1511 1526 1538"/></Shape>
	    <String CONTENT="q&#273; &#247; aptus" HPOS="1526" VPOS="1511" WIDTH="213" HEIGHT="55"/>
          </TextLine>

          
          
          <TextLine ID="eSc_line_62a07f04" TAGREFS="LT1980" BASELINE="1907 1541 2909 1543" HPOS="1898" VPOS="1494" WIDTH="1007" HEIGHT="76">
            <Shape><Polygon POINTS="2885 1514 2850 1514 2815 1514 2780 1514 2756 1494 2674 1494 2674 1508 2639 1508 2604 1508 2569 1508 2534 1508 2499 1508 2463 1508 2428 1508 2393 1505 2358 1505 2323 1505 2288 1505 2252 1505 2217 1505 2182 1505 2147 1505 2112 1500 2077 1500 2041 1500 2006 1500 1971 1500 1936 1500 1901 1500 1901 1535 1898 1567 2900 1570 2906 1541 2903 1494 2900 1494 2885 1514"/></Shape>
	    <String CONTENT="anc&#771;e ap&#877; inc&#771;ueniens : inc&#771;uenient&#771; aliqui a fatio ali&#42839;d stult&#42864; fio" HPOS="1898" VPOS="1494" WIDTH="1007" HEIGHT="76"/>
          </TextLine>

          
          
          <TextLine ID="eSc_line_69bc2915" TAGREFS="LT1979" BASELINE="791 1587 1259 1582 2674 1602" HPOS="791" VPOS="1523" WIDTH="1883" HEIGHT="117">
            <Shape><Polygon POINTS="1869 1541 1857 1541 1831 1546 1819 1552 1801 1546 1746 1535 1743 1535 1740 1535 1737 1535 1731 1535 1728 1541 1713 1541 1702 1546 1672 1555 1584 1543 1573 1543 1570 1543 1561 1543 1526 1552 1514 1543 1500 1532 1497 1532 1494 1532 1429 1532 1426 1532 1423 1532 1423 1532 1412 1541 1388 1552 1327 1552 1300 1538 1280 1529 1277 1529 1274 1529 1271 1529 1239 1535 1224 1541 1209 1535 1177 1526 1177 1526 963 1523 896 1523 896 1523 893 1523 878 1529 840 1546 791 1529 791 1587 791 1628 949 1628 949 1625 952 1625 999 1608 1057 1628 1060 1628 1060 1628 1063 1628 1066 1628 1069 1628 1101 1608 1177 1608 1335 1608 1376 1628 1388 1631 1391 1631 1394 1631 1423 1628 1470 1620 1543 1628 1605 1634 1608 1634 1772 1628 1942 1623 1962 1628 1983 1637 1986 1637 1989 1637 1992 1637 2015 1628 2036 1623 2050 1628 2068 1640 2071 1640 2074 1640 2182 1628 2241 1625 2250 1628 2273 1640 2273 1640 2276 1640 2346 1628 2367 1628 2671 1628 2674 1602 2674 1567 2088 1549 2085 1549 2083 1549 2071 1552 2050 1558 1901 1555 1895 1549 1877 1541 1869 1541"/></Shape>
	    <String CONTENT="Fit uerb&#361; Ab eo autem q&#273; est exeo c&#245;posit&#361; nomen Ineptus ineptio -tis uerbu&#771; fit" HPOS="791" VPOS="1523" WIDTH="1883" HEIGHT="117"/>
          </TextLine>

          
          
          <TextLine ID="eSc_line_23cece9c" TAGREFS="LT1979" BASELINE="791 1684 1204 1681 2651 1699" HPOS="791" VPOS="1614" WIDTH="1860" HEIGHT="117">
            <Shape><Polygon POINTS="791 1684 791 1713 1174 1708 1224 1716 1239 1719 1242 1719 2036 1719 2416 1719 2425 1719 2504 1731 2507 1731 2648 1719 2651 1699 2645 1631 2601 1655 2472 1655 2434 1631 2431 1631 2428 1631 2425 1631 2425 1631 2381 1640 2367 1631 2367 1628 2367 1628 2364 1628 2361 1628 2340 1631 2206 1646 2147 1628 2144 1628 2141 1628 2138 1628 2132 1628 2056 1649 2030 1628 2024 1625 2021 1625 2018 1625 2018 1625 1971 1628 1883 1640 1798 1628 1778 1628 1775 1628 1772 1628 1772 1628 1769 1628 1749 1643 1710 1628 1690 1623 1690 1623 1687 1623 1640 1628 1552 1640 1514 1628 1488 1620 1485 1620 1482 1620 1482 1620 1464 1628 1438 1640 1283 1640 1265 1628 1256 1620 1253 1620 1250 1620 1177 1617 1174 1617 1171 1617 1136 1628 1107 1640 1004 1640 990 1628 969 1614 966 1614 966 1614 963 1614 791 1625 791 1684"/></Shape>
	    <String CONTENT="Vt en&#297; in .io. desinentia uerba nisi habeant adh&#281;rentia no&#771;a trisillaba .i. pur&#227;" HPOS="791" VPOS="1614" WIDTH="1860" HEIGHT="117"/>
          </TextLine>

          
          
          <TextLine ID="eSc_line_0f5c525f" TAGREFS="LT1980" BASELINE="2308 1743 2888 1743" HPOS="2305" VPOS="1687" WIDTH="580" HEIGHT="79">
            <Shape><Polygon POINTS="2833 1687 2622 1690 2622 1696 2586 1696 2551 1696 2516 1696 2481 1696 2446 1696 2411 1696 2393 1693 2305 1693 2305 1740 2305 1766 2340 1766 2375 1766 2411 1766 2446 1766 2481 1766 2499 1766 2724 1760 2727 1760 2762 1760 2797 1760 2833 1760 2868 1760 2885 1760 2885 1740 2882 1702 2868 1696"/></Shape>
	    <String CONTENT="coniugation&#7869; : .s. illa &#361;ba &#247; penul" HPOS="2305" VPOS="1687" WIDTH="580" HEIGHT="79"/>
          </TextLine>

          
          
          <TextLine ID="eSc_line_f42caf16" TAGREFS="LT1979" BASELINE="791 1766 2692 1778" HPOS="791" VPOS="1710" WIDTH="1901" HEIGHT="111">
            <Shape><Polygon POINTS="791 1807 896 1792 1168 1792 1291 1798 1306 1807 1315 1813 1318 1813 1321 1813 1324 1813 1344 1807 1382 1795 1412 1807 1432 1813 1435 1813 1497 1807 1570 1798 1605 1807 1643 1816 1646 1816 1649 1816 1772 1804 1866 1798 1901 1804 1962 1819 2572 1822 2575 1822 2689 1801 2692 1778 2686 1746 2311 1746 2296 1743 2238 1719 2235 1719 2232 1719 2083 1740 1810 1725 1807 1725 1731 1740 1719 1740 1702 1740 1596 1728 1593 1728 1391 1737 1350 1737 1344 1734 1327 1722 1324 1722 1321 1722 1318 1722 1218 1731 1166 1710 849 1710 846 1710 843 1710 791 1731 791 1766"/></Shape>
	    <String CONTENT="penultim&#227; habentia prim&#281; ee&#771; coniugationis non possunt sed ad quarta &#42833;ueniunt" HPOS="791" VPOS="1710" WIDTH="1901" HEIGHT="111"/>
          </TextLine>

          
          
          <TextLine ID="eSc_line_e68404d9" TAGREFS="LT1980" BASELINE="2721 1769 2888 1766" HPOS="2712" VPOS="1743" WIDTH="172" HEIGHT="52">
            <Shape><Polygon POINTS="2853 1743 2818 1743 2783 1743 2748 1743 2712 1743 2718 1766 2718 1795 2753 1795 2885 1795 2885 1763 2879 1743 2853 1743"/></Shape>
	    <String CONTENT="tiima haben" HPOS="2712" VPOS="1743" WIDTH="172" HEIGHT="52"/>
          </TextLine>

          
          
          <TextLine ID="eSc_line_321e9903" TAGREFS="LT1980" BASELINE="2718 1801 2774 1801" HPOS="2715" VPOS="1772" WIDTH="58" HEIGHT="58">
            <Shape><Polygon POINTS="2718 1801 2715 1825 2768 1831 2774 1801 2774 1775 2718 1772 2718 1801"/></Shape>
	    <String CONTENT="tia" HPOS="2715" VPOS="1772" WIDTH="58" HEIGHT="58" WC="0.998242874940236"/>
          </TextLine>

          
          
          <TextLine ID="eSc_line_6abe6093" TAGREFS="LT1980" BASELINE="1532 1842 1678 1836" HPOS="1526" VPOS="1778" WIDTH="146" HEIGHT="84">
            <Shape><Polygon POINTS="1529 1836 1529 1863 1669 1851 1672 1833 1664 1778 1526 1790 1529 1836"/></Shape>
	    <String CONTENT="asciscit" HPOS="1526" VPOS="1778" WIDTH="146" HEIGHT="84"/>
          </TextLine>

          
          
          <TextLine ID="eSc_line_981e3294" TAGREFS="LT1980" BASELINE="1784 1833 1977 1825" HPOS="1775" VPOS="1775" WIDTH="196" HEIGHT="79">
            <Shape><Polygon POINTS="1778 1831 1778 1854 1971 1842 1971 1819 1962 1775 1775 1778 1778 1831"/></Shape>
	    <String CONTENT=".s. c&#771;iugatio" HPOS="1775" VPOS="1775" WIDTH="196" HEIGHT="79"/>
          </TextLine>

          
          
          <TextLine ID="eSc_line_725fc129" TAGREFS="LT1979" BASELINE="802 1869 2625 1880 2704 1875" HPOS="799" VPOS="1816" WIDTH="1901" HEIGHT="114">
            <Shape><Polygon POINTS="1959 1825 1924 1825 1889 1828 1854 1828 1819 1831 1784 1831 1772 1816 1649 1816 1643 1836 1608 1836 1573 1836 1538 1836 1526 1816 799 1816 799 1866 799 1918 840 1901 981 1918 1013 1921 1016 1921 1019 1921 1031 1918 1086 1904 1157 1918 1174 1921 1177 1921 1183 1921 1189 1918 1227 1904 1406 1921 1476 1924 1482 1924 1485 1924 1500 1921 1541 1907 1617 1921 1652 1924 1655 1924 1661 1924 1672 1921 1713 1907 1986 1907 2000 1921 2003 1921 2003 1924 2006 1924 2012 1924 2015 1924 2018 1924 2030 1921 2068 1907 2083 1921 2083 1924 2085 1924 2085 1930 2088 1930 2091 1930 2094 1930 2695 1921 2701 1872 2689 1816 1962 1816 1959 1825"/></Shape>
	    <String CONTENT="paucis illis exceptis qu&#281; sola sibi uindicat tertia : sic quac&#361;q&#61868; consonante antedente :" HPOS="799" VPOS="1816" WIDTH="1901" HEIGHT="114"/>
          </TextLine>

          
          
          <TextLine ID="eSc_line_343f4759" TAGREFS="LT1979" BASELINE="808 1948 2701 1971 2733 1971" HPOS="802" VPOS="1880" WIDTH="1927" HEIGHT="143">
            <Shape><Polygon POINTS="805 1942 802 1983 1189 1983 1227 1992 1262 2000 1265 2000 1271 2000 1309 1992 1362 1983 1423 1995 1488 2006 1491 2006 1543 1995 1608 1986 1678 2000 1737 2009 1740 2009 1813 2003 1910 1989 1924 2003 1924 2006 1927 2006 1927 2009 1930 2009 1933 2009 2012 2012 2015 2012 2077 2006 2182 1992 2197 2006 2200 2012 2206 2012 2206 2018 2208 2018 2211 2018 2214 2018 2308 2009 2443 2000 2460 2012 2466 2021 2472 2021 2475 2021 2478 2024 2636 2024 2636 2021 2639 2021 2651 2018 2686 2000 2721 2018 2730 1968 2730 1916 1995 1916 1971 1907 1924 1895 1918 1895 1916 1895 1743 1904 1681 1907 1661 1904 1608 1889 1602 1889 1599 1889 1441 1901 1400 1904 1365 1901 1230 1886 1227 1886 1130 1901 1107 1901 1078 1901 840 1880 837 1880 834 1880 805 1895 805 1942"/></Shape>
	    <String CONTENT="no&#771;a facientia ex se uerba si quidem seruant consonant&#7869; nominis : prim&#281; st&#771; coniugationis" HPOS="802" VPOS="1880" WIDTH="1927" HEIGHT="143"/>
          </TextLine>

          
          
          <TextLine ID="eSc_line_14d1a620" TAGREFS="LT1980" BASELINE="981 2012 1130 2012" HPOS="978" VPOS="1968" WIDTH="146" HEIGHT="73">
            <Shape><Polygon POINTS="978 2009 978 2041 1125 2039 1125 2009 1122 1968 978 1968 978 2009"/></Shape>
	    <String CONTENT=".s. littera&#771;" HPOS="978" VPOS="1968" WIDTH="146" HEIGHT="73"/>
          </TextLine>

          
          
          <TextLine ID="eSc_line_f1ededc1" TAGREFS="LT1979" BASELINE="793 2056 2689 2068" HPOS="788" VPOS="1983" WIDTH="1898" HEIGHT="114">
            <Shape><Polygon POINTS="1107 2012 1072 2012 1037 2012 1001 2012 999 2009 958 2009 937 1989 937 1986 931 1986 928 1986 791 1983 791 2053 788 2088 2677 2097 2686 2065 2683 2000 2250 2018 2141 1992 2135 1992 2129 1992 2118 1992 1910 2012 1716 1989 1705 1989 1702 1989 1699 1989 1643 2009 1614 1989 1611 1989 1608 1989 1602 1989 1599 1989 1596 1989 1567 2012 1385 2012 1365 1992 1365 1989 1362 1989 1359 1989 1157 1986 1154 1986 1151 1986 1148 1986 1148 1989 1125 2009 1107 2009 1107 2012"/></Shape>
	    <String CONTENT=".I. uero qu&#227; non habuit nomen in uerbo addentia respuunt&#7633; a prima coniugatione &amp; ad" HPOS="788" VPOS="1983" WIDTH="1898" HEIGHT="114"/>
          </TextLine>

          
          
          <TextLine ID="eSc_line_cada4be7" TAGREFS="LT1980" BASELINE="2200 2115 2329 2109" HPOS="2194" VPOS="2065" WIDTH="131" HEIGHT="70">
            <Shape><Polygon POINTS="2197 2135 2326 2121 2326 2106 2317 2065 2194 2065 2197 2112"/></Shape>
	    <String CONTENT="d&#227;pno" HPOS="2194" VPOS="2065" WIDTH="131" HEIGHT="70"/>
          </TextLine>

          
          
          <TextLine ID="eSc_line_f5835e04" TAGREFS="LT1979" BASELINE="796 2144 2250 2150 2686 2141" HPOS="788" VPOS="2071" WIDTH="1895" HEIGHT="111">
            <Shape><Polygon POINTS="2510 2112 2475 2115 2440 2118 2405 2121 2390 2097 2308 2097 2302 2109 2267 2109 2232 2112 2197 2112 2188 2097 2156 2097 2135 2077 2135 2074 2129 2074 2126 2074 2047 2074 2041 2074 2039 2074 2036 2074 2003 2097 1813 2097 1792 2077 1792 2074 1790 2074 1787 2074 1696 2074 1690 2074 1546 2094 1376 2071 1365 2071 981 2071 978 2071 975 2071 878 2091 796 2071 791 2138 788 2182 2677 2173 2683 2138 2671 2074 2563 2097 2551 2097 2545 2109"/></Shape>
	    <String CONTENT="quart&#227; pler&#361;q&#61868; redeat &amp; una sillaba crescunt a gnt&#245; no&#297;s ut&#771; punio Su&#42833;bio Custodio" HPOS="788" VPOS="2071" WIDTH="1895" HEIGHT="111"/>
          </TextLine>

          
          
          <TextLine ID="eSc_line_94e96fde" TAGREFS="LT1980" BASELINE="2393 2126 2569 2106" HPOS="2384" VPOS="2059" WIDTH="181" HEIGHT="73">
            <Shape><Polygon POINTS="2390 2132 2566 2121 2566 2106 2554 2059 2384 2065 2390 2121"/></Shape>
	    <String CONTENT="anc&#7869; poena" HPOS="2384" VPOS="2059" WIDTH="181" HEIGHT="73"/>
          </TextLine>

          
          
          <TextLine ID="eSc_line_2a0ef13a" TAGREFS="LT1980" BASELINE="814 2194 963 2191" HPOS="805" VPOS="2147" WIDTH="155" HEIGHT="67">
            <Shape><Polygon POINTS="808 2191 808 2208 955 2214 960 2188 955 2147 805 2147 808 2191"/></Shape>
	    <String CONTENT="appeto" HPOS="805" VPOS="2147" WIDTH="155" HEIGHT="67" WC="0.999786615371704"/>
          </TextLine>

          
          
          <TextLine ID="eSc_line_e8a0f025" TAGREFS="LT1980" BASELINE="1016 2200 1125 2197" HPOS="1010" VPOS="2150" WIDTH="111" HEIGHT="73">
            <Shape><Polygon POINTS="1013 2197 1013 2223 1119 2220 1122 2191 1113 2150 1010 2153 1013 2197"/></Shape>
	    <String CONTENT="noceo" HPOS="1010" VPOS="2150" WIDTH="111" HEIGHT="73" WC="0.999994850158691"/>
          </TextLine>

          
          
          <TextLine ID="eSc_line_c27209a7" TAGREFS="LT1979" BASELINE="796 2232 1605 2244 2680 2244" HPOS="788" VPOS="2170" WIDTH="1889" HEIGHT="114">
            <Shape><Polygon POINTS="2654 2200 2619 2203 2583 2203 2548 2206 2513 2206 2501 2185 2449 2188 2443 2203 2408 2203 2373 2206 2337 2208 2302 2208 2291 2191 2279 2197 2223 2179 2217 2179 2214 2179 2211 2179 2206 2179 2118 2197 2018 2179 2015 2179 2012 2179 2003 2179 1860 2191 1842 2179 1842 2173 1839 2173 1836 2173 1831 2173 1801 2179 1664 2191 1584 2173 1558 2170 1280 2170 1277 2170 1274 2170 1265 2173 1236 2188 1116 2182 1107 2197 1072 2197 1037 2197 1028 2182 940 2179 931 2191 896 2191 861 2191 826 2191 814 2173 791 2173 791 2226 788 2255 2126 2285 2129 2285 2674 2267 2677 2241 2671 2197 2654 2200"/></Shape>
	    <String CONTENT="Gestio impedio ineptio q&#273; in uerbis prim&#281; coniugationis a nomib; traductis non sol&amp;" HPOS="788" VPOS="2170" WIDTH="1889" HEIGHT="114"/>
          </TextLine>

          
          
          <TextLine ID="eSc_line_46b73a1e" TAGREFS="LT1980" BASELINE="2217 2223 2255 2217" HPOS="2206" VPOS="2170" WIDTH="46" HEIGHT="67">
            <Shape><Polygon POINTS="2214 2220 2214 2235 2250 2238 2252 2214 2241 2170 2206 2170 2214 2220"/></Shape>
	    <String CONTENT="ni" HPOS="2206" VPOS="2170" WIDTH="46" HEIGHT="67"/>
          </TextLine>

          
          
          <TextLine ID="eSc_line_7468f658" TAGREFS="LT1980" BASELINE="2299 2214 2463 2203" HPOS="2288" VPOS="2147" WIDTH="172" HEIGHT="84">
            <Shape><Polygon POINTS="2296 2208 2296 2232 2460 2208 2460 2200 2449 2147 2288 2153 2296 2208"/></Shape>
	    <String CONTENT="diriuatis" HPOS="2288" VPOS="2147" WIDTH="172" HEIGHT="84"/>
          </TextLine>

          
          
          <TextLine ID="eSc_line_4a1c9334" TAGREFS="LT1980" BASELINE="2516 2208 2680 2191" HPOS="2507" VPOS="2144" WIDTH="169" HEIGHT="82">
            <Shape><Polygon POINTS="2513 2206 2513 2226 2677 2208 2677 2188 2668 2144 2507 2153 2513 2206"/></Shape>
	    <String CONTENT="&#247; additio" HPOS="2507" VPOS="2144" WIDTH="169" HEIGHT="82"/>
          </TextLine>

          
          
          <TextLine ID="eSc_line_bea834f1" TAGREFS="LT1980" BASELINE="802 2285 1412 2276" HPOS="796" VPOS="2232" WIDTH="609" HEIGHT="79">
            <Shape><Polygon POINTS="1394 2238 1359 2238 1324 2238 1289 2238 1253 2238 1218 2238 1183 2235 1148 2235 1113 2235 1078 2235 1042 2235 1007 2235 981 2232 796 2232 799 2279 799 2311 1148 2302 1151 2302 1160 2302 1242 2296 1256 2296 1280 2296 1291 2293 1327 2293 1362 2293 1397 2293 1403 2293 1406 2273 1397 2238 1394 2238"/></Shape>
	    <String CONTENT="&#247; in uerbo si non fuerit de nomine" HPOS="796" VPOS="2232" WIDTH="609" HEIGHT="79"/>
          </TextLine>

          
          
          <TextLine ID="eSc_line_2282dbd4" TAGREFS="LT1980" BASELINE="1151 2311 1596 2293" HPOS="1142" VPOS="2252" WIDTH="451" HEIGHT="73">
            <Shape><Polygon POINTS="1388 2276 1353 2276 1318 2276 1283 2276 1248 2276 1212 2276 1177 2276 1142 2276 1148 2308 1148 2323 1183 2326 1218 2326 1253 2326 1289 2326 1294 2326 1590 2320 1593 2291 1582 2252 1406 2255 1388 2276"/></Shape>
	    <String CONTENT="&#247; prima &#42833;son&#227; indicatiui" HPOS="1142" VPOS="2252" WIDTH="451" HEIGHT="73"/>
          </TextLine>

          
          
          <TextLine ID="eSc_line_0c9b180d" TAGREFS="LT1979" BASELINE="805 2340 1535 2340 2639 2329" HPOS="799" VPOS="2273" WIDTH="1836" HEIGHT="99">
            <Shape><Polygon POINTS="1573 2293 1538 2293 1502 2293 1467 2296 1432 2296 1397 2302 1362 2302 1327 2302 1291 2305 1256 2305 1221 2308 1186 2308 1151 2308 1125 2288 799 2288 802 2337 802 2364 1995 2367 1998 2364 2033 2364 2068 2364 2103 2361 2138 2361 2173 2361 2208 2358 2244 2358 2279 2358 2285 2367 2630 2373 2636 2326 2625 2273 1579 2279 1573 2293"/></Shape>
	    <String CONTENT="euenure : N&#227; positio uerbi siue qu&#281; lib&amp; consonans sit ante .o. siue .i. uocalis a quac&#361;q&#61868;" HPOS="799" VPOS="2273" WIDTH="1836" HEIGHT="99"/>
          </TextLine>

          
          
          <TextLine ID="eSc_line_d605f462" TAGREFS="LT1980" BASELINE="896 2378 1130 2378" HPOS="896" VPOS="2349" WIDTH="234" HEIGHT="55">
            <Shape><Polygon POINTS="896 2402 1127 2405 1130 2378 1130 2349 896 2349 896 2378"/></Shape>
	    <String CONTENT="illa &#42835;positio" HPOS="896" VPOS="2349" WIDTH="234" HEIGHT="55"/>
          </TextLine>

          
          
          <TextLine ID="eSc_line_080e32dd" TAGREFS="LT1980" BASELINE="1974 2375 2299 2364" HPOS="1971" VPOS="2337" WIDTH="328" HEIGHT="70">
            <Shape><Polygon POINTS="1974 2408 2299 2402 2299 2364 2293 2337 1971 2346 1974 2375"/></Shape>
	    <String CONTENT="in p&#869;ma c&#771;iugotione" HPOS="1971" VPOS="2337" WIDTH="328" HEIGHT="70"/>
          </TextLine>

          
          
          <TextLine ID="eSc_line_db09758d" TAGREFS="LT1979" BASELINE="802 2419 1403 2431 2671 2419" HPOS="802" VPOS="2367" WIDTH="1869" HEIGHT="105">
            <Shape><Polygon POINTS="802 2466 1078 2455 1092 2463 1098 2469 1101 2469 1104 2469 1107 2472 1207 2472 1207 2469 1209 2469 1212 2469 1221 2463 1224 2458 1233 2463 1248 2469 1250 2469 1253 2469 1529 2466 1532 2466 1552 2460 1564 2455 1570 2460 1579 2466 1582 2466 1584 2466 1584 2469 1749 2469 1749 2466 1792 2458 1825 2452 1875 2455 1942 2466 1945 2466 2100 2455 2170 2452 2176 2455 2194 2466 2194 2466 2197 2466 2200 2466 2276 2466 2276 2466 2279 2466 2305 2455 2314 2449 2334 2455 2384 2463 2387 2463 2671 2449 2671 2419 2668 2387 2572 2373 2569 2373 2566 2373 2537 2384 2531 2387 2525 2384 2478 2367 2475 2367 2393 2367 2390 2367 2390 2367 2387 2367 2364 2384 2332 2370 2329 2370 2326 2370 2323 2370 2291 2384 2273 2393 2003 2393 1948 2381 1877 2370 1875 2370 1872 2370 1842 2381 1819 2393 1690 2393 1666 2378 1655 2373 1655 2373 1652 2373 1649 2373 1579 2378 1529 2384 1470 2378 1409 2373 1406 2373 1403 2373 1400 2373 1394 2375 1374 2396 1198 2396 1171 2378 1168 2378 1166 2378 1166 2378 1163 2378 1104 2396 802 2373 802 2419 802 2466"/></Shape>
	    <String CONTENT="no&#771;is ueniat terminatione. sillabas solet genitiui no&#771;is seruare. Vt turba Turbo -as nun" HPOS="802" VPOS="2367" WIDTH="1869" HEIGHT="105"/>
          </TextLine>

          
          
          <TextLine ID="eSc_line_a3b68b83" TAGREFS="LT1980" BASELINE="1500 2481 1681 2484" HPOS="1494" VPOS="2434" WIDTH="184" HEIGHT="70">
            <Shape><Polygon POINTS="1500 2478 1494 2504 1672 2504 1678 2481 1672 2434 1500 2434 1500 2478"/></Shape>
	    <String CONTENT="uulnero" HPOS="1494" VPOS="2434" WIDTH="184" HEIGHT="70" WC="0.931296127183097"/>
          </TextLine>

          
          
          <TextLine ID="eSc_line_3c6626cb" TAGREFS="LT1980" BASELINE="1775 2487 1924 2481" HPOS="1769" VPOS="2434" WIDTH="149" HEIGHT="79">
            <Shape><Polygon POINTS="1772 2484 1772 2513 1918 2501 1918 2478 1910 2434 1769 2434 1772 2484"/></Shape>
	    <String CONTENT="fiducia" HPOS="1769" VPOS="2434" WIDTH="149" HEIGHT="79" WC="0.996606205190931"/>
          </TextLine>

          
          
          <TextLine ID="eSc_line_5eed4709" TAGREFS="LT1979" BASELINE="799 2516 1335 2531 2663 2519" HPOS="796" VPOS="2458" WIDTH="1866" HEIGHT="111">
            <Shape><Polygon POINTS="1921 2484 1898 2484 1875 2484 1851 2484 1828 2484 1804 2484 1781 2484 1757 2484 1734 2484 1710 2484 1687 2484 1664 2484 1640 2484 1617 2484 1593 2484 1570 2484 1546 2484 1523 2484 1500 2484 1497 2481 1289 2490 1268 2478 1248 2463 1245 2463 1242 2463 1239 2463 1086 2478 1031 2484 1022 2478 990 2463 990 2463 896 2463 893 2463 890 2463 887 2463 864 2481 796 2481 799 2516 799 2557 1379 2569 1382 2569 1561 2554 1582 2554 1593 2554 1699 2569 1702 2569 1907 2569 1907 2569 1910 2569 1936 2557 1995 2569 1995 2569 2065 2551 2074 2551 2083 2551 2156 2566 2159 2566 2660 2548 2663 2519 2660 2458 2466 2458 2463 2458 2460 2458 2460 2458 2460 2460 2431 2478 2399 2460 2393 2458 2390 2458 2390 2458 2364 2460 2208 2484 2159 2463 2141 2458 2138 2458 2135 2458 2100 2466 1995 2487 1921 2481 1921 2484"/></Shape>
	    <String CONTENT="tius. nuntio -as, Vlcus ulceris ulcero -as, Spes spero -as, tam&#771; quart&#281; declinationis no&#771;a" HPOS="796" VPOS="2458" WIDTH="1866" HEIGHT="111"/>
          </TextLine>

          
          
          <TextLine ID="eSc_line_90fe3edc" TAGREFS="LT1980" BASELINE="1573 2578 1652 2578" HPOS="1573" VPOS="2540" WIDTH="79" HEIGHT="64">
            <Shape><Polygon POINTS="1573 2604 1652 2604 1652 2578 1649 2540 1573 2540 1573 2578"/></Shape>
	    <String CONTENT="no&#771;a" HPOS="1573" VPOS="2540" WIDTH="79" HEIGHT="64"/>
          </TextLine>

          
          
          <TextLine ID="eSc_line_e00f2ef5" TAGREFS="LT1979" BASELINE="799 2616 1582 2627 2651 2604" HPOS="799" VPOS="2545" WIDTH="1851" HEIGHT="120">
            <Shape><Polygon POINTS="1617 2581 1593 2581 1541 2581 1511 2557 1508 2557 1505 2557 1502 2557 1502 2557 1500 2557 1467 2581 1391 2581 1368 2563 1365 2563 1365 2563 1362 2563 1359 2563 1321 2581 1133 2581 1092 2557 1089 2557 799 2557 799 2616 802 2666 837 2651 1028 2663 1031 2663 1195 2648 1218 2660 1224 2663 1227 2663 1230 2666 1362 2666 1362 2663 1365 2663 1379 2657 1391 2651 1579 2654 1965 2660 1968 2660 2182 2645 2282 2639 2648 2639 2651 2604 2645 2545 2531 2572 2460 2572 2422 2551 2419 2551 2416 2551 2173 2557 2103 2572 2065 2548 2065 2548 2062 2548 2059 2548 2056 2548 2030 2560 2003 2551 2000 2551 1998 2551 1995 2551 1948 2575 1760 2551 1760 2551 1757 2551 1754 2551 1725 2578 1669 2581 1640 2581 1617 2581"/></Shape>
	    <String CONTENT="parem nominatiuo genitiu&#361; habentia no&#771;is uincunt uerba ab eis d&#7869; noi&#771;b; diriuata" HPOS="799" VPOS="2545" WIDTH="1851" HEIGHT="120"/>
          </TextLine>

          
          
          <TextLine ID="eSc_line_84a419a1" TAGREFS="LT1980" BASELINE="1072 2666 1212 2663" HPOS="1072" VPOS="2627" WIDTH="140" HEIGHT="70">
            <Shape><Polygon POINTS="1072 2666 1072 2698 1209 2692 1212 2663 1207 2636 1119 2627 1119 2627 1116 2627 1072 2639 1072 2666"/></Shape>
	    <String CONTENT="&#42833;dant" HPOS="1072" VPOS="2627" WIDTH="140" HEIGHT="70" WC="0.950445926189423"/>
          </TextLine>

          
          
          <TextLine ID="eSc_line_5f9fc1a9" TAGREFS="LT1980" BASELINE="2159 2660 2525 2651" HPOS="2156" VPOS="2616" WIDTH="369" HEIGHT="76">
            <Shape><Polygon POINTS="2159 2692 2525 2674 2525 2651 2519 2616 2156 2627 2159 2660"/></Shape>
	    <String CONTENT="titulo dubito : calor" HPOS="2156" VPOS="2616" WIDTH="369" HEIGHT="76"/>
          </TextLine>

          
          
          <TextLine ID="eSc_line_385f566f" TAGREFS="LT1979" BASELINE="805 2704 1136 2718 1664 2718 2701 2704" HPOS="805" VPOS="2645" WIDTH="1895" HEIGHT="102">
            <Shape><Polygon POINTS="2232 2660 2208 2660 2191 2660 2071 2671 2027 2651 2024 2651 2021 2651 2018 2651 1760 2651 1757 2651 1754 2651 1737 2666 1620 2654 1587 2651 1584 2651 1567 2654 1470 2674 1397 2663 1394 2663 1391 2663 1362 2677 1145 2677 805 2663 805 2704 805 2736 1494 2748 1494 2748 1658 2736 1836 2745 1839 2745 1907 2733 1918 2730 1924 2733 1954 2745 1957 2745 1959 2745 1959 2745 2003 2733 2525 2742 2528 2742 2531 2742 2531 2742 2548 2727 2698 2724 2701 2704 2695 2645 2557 2645 2554 2645 2554 2645 2551 2645 2513 2671 2270 2671 2250 2657 2232 2660"/></Shape>
	    <String CONTENT="et ut .u. non amittant crescant uerba una sillaba : ut fluctus fluctuo. Aestus Aestuo" HPOS="805" VPOS="2645" WIDTH="1895" HEIGHT="102"/>
          </TextLine>

          
          
          <TextLine ID="eSc_line_72ae364a" TAGREFS="LT1980" BASELINE="802 2742 1133 2753" HPOS="796" VPOS="2701" WIDTH="333" HEIGHT="70">
            <Shape><Polygon POINTS="1081 2715 1045 2712 1010 2712 975 2712 940 2709 905 2709 870 2704 834 2704 799 2701 799 2739 796 2762 1125 2771 1130 2750 1125 2715 1116 2715"/></Shape>
	    <String CONTENT="confusa uox populi" HPOS="796" VPOS="2701" WIDTH="333" HEIGHT="70"/>
          </TextLine>

          
          
          <TextLine ID="eSc_line_8875d606" TAGREFS="LT1980" BASELINE="958 2783 1286 2786" HPOS="949" VPOS="2721" WIDTH="333" HEIGHT="76">
            <Shape><Polygon POINTS="1130 2750 1095 2750 1060 2750 1025 2750 990 2748 955 2748 955 2780 949 2797 984 2797 1019 2797 1054 2797 1089 2797 1280 2797 1283 2783 1277 2721 1154 2727 1130 2750"/></Shape>
	    <String CONTENT="uociferor ceremi&#361;" HPOS="949" VPOS="2721" WIDTH="333" HEIGHT="76"/>
          </TextLine>

          
          
          <TextLine ID="eSc_line_9b5b6464" TAGREFS="LT1980" BASELINE="1312 2780 2162 2753" HPOS="1306" VPOS="2712" WIDTH="852" HEIGHT="87">
            <Shape><Polygon POINTS="1309 2800 1344 2800 1379 2800 1382 2800 2156 2771 2159 2750 2147 2712 1306 2721 1309 2774"/></Shape>
	    <String CONTENT="demonstro : ostendo doceo quasi int&#42864; ins&#361; mitto" HPOS="1306" VPOS="2712" WIDTH="852" HEIGHT="87"/>
          </TextLine>

          
          
          <TextLine ID="eSc_line_3e3237df" TAGREFS="LT1979" BASELINE="805 2812 1693 2815 2683 2789" HPOS="799" VPOS="2721" WIDTH="1877" HEIGHT="128">
            <Shape><Polygon POINTS="2135 2753 2100 2753 2065 2753 2030 2756 1995 2756 1959 2756 1924 2756 1889 2762 1854 2762 1819 2762 1784 2765 1749 2765 1713 2765 1678 2765 1643 2768 1608 2768 1573 2768 1538 2771 1502 2771 1467 2771 1432 2771 1397 2774 1362 2774 1327 2774 1315 2756 1297 2745 1294 2745 1291 2745 1289 2745 1283 2745 1274 2748 1256 2783 1221 2783 1186 2783 1151 2783 1116 2783 1081 2783 1045 2783 1010 2783 975 2783 940 2748 937 2748 931 2748 928 2748 884 2765 799 2748 802 2809 802 2841 1734 2850 1737 2850 1901 2827 1910 2827 1913 2827 2059 2844 2065 2844 2206 2824 2378 2833 2384 2833 2384 2833 2554 2838 2560 2838 2674 2815 2677 2786 2668 2721 2141 2745 2135 2753"/></Shape>
	    <String CONTENT="Tumultus .or. Sinus Sinuo &#8266; insinuo : E &#42839;&#870;&#42839; ante .o. habentia diriuata uerba qu&#281; iure" HPOS="799" VPOS="2721" WIDTH="1877" HEIGHT="128"/>
          </TextLine>

          
          
          <TextLine ID="eSc_line_8cd9964a" TAGREFS="LT1980" BASELINE="2267 2838 2387 2838" HPOS="2267" VPOS="2806" WIDTH="120" HEIGHT="55">
            <Shape><Polygon POINTS="2267 2862 2387 2862 2387 2838 2387 2809 2267 2806 2267 2838"/></Shape>
	    <String CONTENT="infirm&#42864;" HPOS="2267" VPOS="2806" WIDTH="120" HEIGHT="55"/>
          </TextLine>

          
          
          <TextLine ID="eSc_line_3e00a7c5" TAGREFS="LT1979" BASELINE="793 2888 1532 2897 2683 2874" HPOS="791" VPOS="2827" WIDTH="1892" HEIGHT="117">
            <Shape><Polygon POINTS="793 2888 793 2923 996 2920 1001 2923 1028 2941 1031 2941 1034 2941 1037 2944 1148 2944 1148 2941 1435 2926 1561 2935 1561 2935 1564 2935 1608 2920 1620 2932 1623 2932 1625 2932 1628 2932 1631 2932 1655 2920 1661 2920 1877 2932 1880 2932 1995 2917 2018 2915 2074 2915 2273 2920 2276 2920 2279 2920 2305 2915 2332 2906 2452 2912 2592 2920 2595 2920 2680 2909 2683 2874 2674 2838 2238 2844 2217 2838 2194 2827 2194 2827 2191 2827 2150 2838 2106 2847 2033 2838 1948 2827 1948 2827 1945 2827 1913 2838 1883 2850 1828 2838 1822 2838 1819 2838 1819 2838 1784 2850 1754 2838 1749 2835 1746 2835 1743 2835 1740 2835 1731 2838 1678 2850 1661 2838 1658 2835 1655 2835 1655 2835 1652 2835 1620 2838 1467 2853 1412 2838 1397 2833 1394 2833 1391 2833 1388 2833 1379 2838 1347 2856 1324 2838 1321 2838 1318 2838 1306 2838 1227 2835 1224 2835 1224 2835 1215 2838 1168 2859 1092 2841 1089 2841 1086 2841 1063 2853 1034 2838 1031 2838 1028 2838 1025 2838 791 2838 793 2888"/></Shape>
	    <String CONTENT="sc&#273;am coniugation&#7869; sequnt&#7633; una sillaba genitiu&#361; no&#771;is uincunt ut ager &#281;gri Aegeo" HPOS="791" VPOS="2827" WIDTH="1892" HEIGHT="117"/>
          </TextLine>

          
          
          <TextLine ID="eSc_line_2d46abec" TAGREFS="LT1980" BASELINE="2288 2920 2449 2920" HPOS="2288" VPOS="2882" WIDTH="161" HEIGHT="70">
            <Shape><Polygon POINTS="2288 2953 2449 2941 2449 2920 2446 2882 2288 2891 2288 2920"/></Shape>
	    <String CONTENT="in uerbis" HPOS="2288" VPOS="2882" WIDTH="161" HEIGHT="70"/>
          </TextLine>

          
          
          <TextLine ID="eSc_line_f7a156bc" TAGREFS="LT1980" BASELINE="823 2953 1037 2950" HPOS="820" VPOS="2909" WIDTH="216" HEIGHT="70">
            <Shape><Polygon POINTS="823 2953 823 2967 978 2979 978 2979 981 2979 1037 2964 1037 2950 1031 2917 820 2909 823 2953"/></Shape>
	    <String CONTENT="infirmor" HPOS="820" VPOS="2909" WIDTH="216" HEIGHT="70" WC="0.998433299362659"/>
          </TextLine>

          
          
          <TextLine ID="eSc_line_811a9238" TAGREFS="LT1980" BASELINE="1590 2947 1857 2947" HPOS="1584" VPOS="2903" WIDTH="269" HEIGHT="64">
            <Shape><Polygon POINTS="1584 2944 1584 2967 1854 2967 1854 2944 1854 2903 1584 2903 1584 2944"/></Shape>
	    <String CONTENT="indico statuo" HPOS="1584" VPOS="2903" WIDTH="269" HEIGHT="64"/>
          </TextLine>

          
          
          <TextLine ID="eSc_line_0bfb240c" TAGREFS="LT1979" BASELINE="793 3002 2698 2961" HPOS="793" VPOS="2900" WIDTH="1904" HEIGHT="146">
            <Shape><Polygon POINTS="1798 2947 1775 2947 1751 2947 1728 2947 1705 2947 1681 2947 1658 2947 1637 2947 1634 2947 1611 2947 1587 2947 1584 2935 1520 2926 1517 2926 1514 2926 1514 2926 1417 2953 1277 2932 1274 2932 1271 2932 1195 2956 1163 2932 1160 2932 1157 2932 1113 2932 1110 2932 1107 2932 1104 2935 1081 2947 1042 2935 1037 2935 1037 2935 1034 2935 1031 2935 1025 2953 1001 2953 987 2964 881 2964 793 2944 793 3002 793 3032 829 3046 832 3046 834 3046 1031 3029 1089 3038 1092 3038 1095 3038 1136 3023 1139 3023 1142 3023 1177 3035 1180 3035 1183 3035 1429 3035 1573 3029 1573 3029 1576 3029 1596 3014 1599 3014 1722 3026 1725 3026 1725 3026 1769 3011 1772 3011 1784 3011 1942 3023 1945 3023 1948 3023 1948 3023 1968 3011 2220 3014 2223 3014 2226 3014 2285 3000 2291 3000 2293 3000 2311 3011 2314 3011 2317 3011 2320 3011 2466 3011 2469 3011 2472 3011 2496 2994 2698 2988 2698 2961 2692 2900 2510 2903 2507 2903 2507 2903 2472 2932 2291 2932 2255 2909 2252 2909 2250 2909 2250 2909 2247 2909 2162 2920 1924 2917 1898 2917 1895 2917 1892 2917 1889 2917 1842 2944 1798 2944 1798 2947"/></Shape>
	    <String CONTENT="&#322; &#281;greo Miser Misereor, census censeo, Ead&#7869;q; diuersitas clausular&#361; differenti" HPOS="793" VPOS="2900" WIDTH="1904" HEIGHT="146"/>
          </TextLine>

          
          
          <TextLine ID="eSc_line_a9856d9c" TAGREFS="LT1979" BASELINE="791 3087 1388 3084 2622 3049" HPOS="788" VPOS="2997" WIDTH="1833" HEIGHT="125">
            <Shape><Polygon POINTS="791 3087 791 3123 2449 3090 2449 3090 2452 3090 2481 3079 2619 3084 2622 3049 2616 3002 2566 3000 2566 3000 2563 3000 2554 3002 2534 3014 2519 3005 2507 2997 2507 2997 2504 2997 2501 2997 2443 3005 2428 3008 2411 3008 2320 3000 2317 3000 2314 3000 2311 3000 2299 3011 2285 3023 2062 3026 2027 3017 2009 3011 2006 3011 2006 3011 2003 3011 1989 3017 1959 3029 1778 3023 1573 3017 1573 3017 1570 3017 1567 3017 1552 3029 1546 3035 1470 3041 1417 3035 1362 3023 1359 3023 1356 3023 1353 3023 1341 3035 1330 3046 1277 3046 1207 3038 1119 3029 1119 3029 1116 3029 1113 3029 1095 3041 1078 3049 999 3043 884 3035 881 3035 788 3046 791 3087"/></Shape>
	    <String CONTENT="as c&#771;iugation&#361; a nomin&#361; diriuatione eti&#227; in sc&#273;a coniugatione facere solet :" HPOS="788" VPOS="2997" WIDTH="1833" HEIGHT="125"/>
          </TextLine>

          
          
          <TextLine ID="eSc_line_018ea49b" TAGREFS="LT1980" BASELINE="960 3149 2129 3105" HPOS="955" VPOS="3064" WIDTH="1171" HEIGHT="105">
            <Shape><Polygon POINTS="2077 3064 2041 3064 2006 3064 1971 3067 1936 3067 1901 3067 1866 3070 1831 3070 1804 3070 955 3105 958 3146 958 3169 2126 3134 2126 3102 2118 3064 2112 3064"/></Shape>
	    <String CONTENT="Alii codices a no&#771;ib; uenienti&#361; &amp;i&#227; in sc&#273;s solat facere c&#771;iugatione" HPOS="955" VPOS="3064" WIDTH="1171" HEIGHT="105"/>
          </TextLine>

          
          
          <TextLine ID="eSc_line_1a0b44c9" TAGREFS="LT1979" BASELINE="791 3181 1458 3181 2686 3140" HPOS="788" VPOS="3084" WIDTH="1898" HEIGHT="134">
            <Shape><Polygon POINTS="1842 3117 1819 3117 1795 3117 1784 3117 1778 3117 1749 3128 1631 3120 1608 3120 1605 3120 1602 3120 1561 3123 1353 3140 1330 3128 1327 3128 1324 3128 1321 3128 1318 3128 1303 3143 943 3152 902 3137 884 3128 884 3128 881 3128 788 3137 791 3181 791 3210 1227 3219 1230 3219 1749 3187 1760 3187 1763 3187 1833 3202 1836 3202 2293 3175 2299 3175 2320 3187 2320 3187 2323 3187 2326 3187 2516 3169 2548 3184 2551 3184 2554 3184 2686 3164 2686 3140 2683 3102 2557 3084 2554 3084 2472 3096 2206 3093 2203 3093 2200 3093 2197 3093 2170 3111 2159 3120 2112 3120 1913 3117 1854 3114 1842 3117"/></Shape>
	    <String CONTENT="Vt a noe uenientia uerba. si quid&#7869; &#241; in .eo. desinunt&#7633; prim&#281; st&#771; coniugationis. In .eo." HPOS="788" VPOS="3084" WIDTH="1898" HEIGHT="134"/>
          </TextLine>

          
          
          <TextLine ID="eSc_line_ffef39db" TAGREFS="LT1980" BASELINE="1514 3213 1760 3205" HPOS="1514" VPOS="3178" WIDTH="246" HEIGHT="61">
            <Shape><Polygon POINTS="1514 3213 1514 3240 1760 3222 1760 3205 1754 3178 1514 3184 1514 3213"/></Shape>
	    <String CONTENT="c&#771;iugationem" HPOS="1514" VPOS="3178" WIDTH="246" HEIGHT="61"/>
          </TextLine>

          
          
          <TextLine ID="eSc_line_43bd326a" TAGREFS="LT1980" BASELINE="2041 3199 2200 3196" HPOS="2041" VPOS="3164" WIDTH="158" HEIGHT="52">
            <Shape><Polygon POINTS="2041 3199 2041 3216 2200 3216 2200 3196 2194 3164 2041 3169 2041 3199"/></Shape>
	    <String CONTENT="a no&#771;e alb&#61868;" HPOS="2041" VPOS="3164" WIDTH="158" HEIGHT="52"/>
          </TextLine>

          
          
          <TextLine ID="eSc_line_39f6f644" TAGREFS="LT1979" BASELINE="785 3269 1646 3257 2721 3210" HPOS="779" VPOS="3143" WIDTH="1939" HEIGHT="158">
            <Shape><Polygon POINTS="2182 3196 2147 3196 2112 3196 2077 3196 2041 3196 2024 3178 1968 3175 1895 3169 1892 3169 1889 3169 1883 3169 1883 3172 1875 3178 1860 3196 1731 3196 1725 3205 1690 3205 1655 3208 1620 3208 1584 3210 1549 3210 1514 3210 1500 3196 1500 3196 1435 3181 1432 3181 1429 3181 1365 3199 1341 3208 1294 3205 1139 3193 1136 3193 1133 3193 1130 3193 1104 3213 1101 3216 1095 3213 1054 3196 1051 3196 1048 3196 960 3199 958 3199 955 3199 955 3205 949 3205 940 3216 919 3199 914 3199 911 3199 908 3199 788 3205 785 3205 782 3205 782 3208 779 3208 782 3266 782 3298 1318 3301 1324 3301 1831 3281 1836 3281 1842 3281 2428 3257 2431 3257 2455 3257 2534 3251 2537 3251 2542 3251 2589 3249 2607 3249 2630 3249 2718 3246 2718 3208 2707 3143 2586 3164 2472 3155 2443 3152 2440 3152 2437 3152 2422 3155 2352 3175 2250 3161 2214 3158 2182 3196"/></Shape>
	    <String CONTENT="uerba desinentia modis omib; ad sc&#273;am &#42833;ueniunt : Vt albo -as &amp; albeo -bes. ut uirg&#322;s" HPOS="779" VPOS="3143" WIDTH="1939" HEIGHT="158"/>
          </TextLine>

          
          
          <TextLine ID="eSc_line_2064b9fb" TAGREFS="LT1980" BASELINE="2437 3266 2701 3257" HPOS="2437" VPOS="3228" WIDTH="263" HEIGHT="64">
            <Shape><Polygon POINTS="2437 3292 2701 3278 2701 3257 2695 3228 2437 3231 2437 3266"/></Shape>
	    <String CONTENT="&#247; durere incipio" HPOS="2437" VPOS="3228" WIDTH="263" HEIGHT="64"/>
          </TextLine>

          
          
          <TextLine ID="eSc_line_b9d523e4" TAGREFS="LT1980" BASELINE="1836 3292 2041 3287" HPOS="1833" VPOS="3251" WIDTH="208" HEIGHT="64">
            <Shape><Polygon POINTS="1836 3292 1836 3316 2041 3304 2041 3287 2033 3251 1833 3254 1836 3292"/></Shape>
	    <String CONTENT="a no&#771;e durus" HPOS="1833" VPOS="3251" WIDTH="208" HEIGHT="64"/>
          </TextLine>

          
          
          <TextLine ID="eSc_line_5523812d" TAGREFS="LT1979" BASELINE="791 3363 2030 3348 2707 3307" HPOS="788" VPOS="3260" WIDTH="1918" HEIGHT="146">
            <Shape><Polygon POINTS="788 3313 791 3363 791 3407 896 3383 1151 3380 1192 3395 1204 3398 1207 3398 1209 3401 1315 3401 1315 3398 1412 3395 1412 3395 1415 3395 1415 3395 1423 3386 1426 3383 1538 3383 2044 3383 2044 3383 2047 3383 2050 3383 2068 3366 2071 3366 2088 3380 2091 3380 2094 3380 2097 3383 2150 3383 2150 3380 2255 3363 2326 3369 2329 3369 2707 3342 2707 3307 2698 3260 2440 3278 2425 3266 2422 3266 2419 3266 2416 3266 2414 3266 2414 3266 2364 3290 2267 3278 2264 3278 1942 3301 1831 3301 1787 3287 1784 3287 1784 3287 1781 3287 1734 3301 1705 3281 1702 3281 1702 3281 1699 3281 1696 3281 1628 3304 1584 3284 1582 3284 1579 3284 1576 3284 1520 3307 1444 3287 1429 3281 1426 3281 1423 3281 1423 3281 1420 3281 1415 3287 1391 3304 1306 3313 1239 3298 1236 3298 1142 3310 1089 3292 1083 3292 1081 3292 1078 3292 791 3298 788 3313"/></Shape>
	    <String CONTENT="&#281;neidos lib&#822; .XI. c&#227;piq&#61868; ingen&#869;tes ossib; albent Duro -as et dureo -es unde duresco Den" HPOS="788" VPOS="3260" WIDTH="1918" HEIGHT="146"/>
          </TextLine>

          
          
          <TextLine ID="eSc_line_6b73e4d1" TAGREFS="LT1980" BASELINE="799 3410 1133 3401" HPOS="796" VPOS="3369" WIDTH="336" HEIGHT="61">
            <Shape><Polygon POINTS="799 3410 799 3430 1133 3430 1133 3401 1127 3369 796 3372 799 3410"/></Shape>
	    <String CONTENT="a no&#771;e densus &#247; spissus" HPOS="796" VPOS="3369" WIDTH="336" HEIGHT="61"/>
          </TextLine>

          
          
          <TextLine ID="eSc_line_73093c78" TAGREFS="LT1979" BASELINE="791 3468 1417 3468 2232 3433 2736 3395" HPOS="788" VPOS="3342" WIDTH="1948" HEIGHT="205">
            <Shape><Polygon POINTS="2730 3377 2727 3342 2510 3369 2469 3351 2466 3351 2463 3351 2460 3351 2147 3363 2147 3363 2132 3369 2044 3392 1971 3375 1962 3372 1959 3372 1959 3372 1951 3375 1895 3398 1795 3404 1388 3404 1388 3404 1315 3418 1291 3404 1283 3395 1280 3395 1277 3395 1233 3395 1230 3395 1227 3395 1201 3407 1160 3427 1037 3427 1010 3416 999 3410 996 3410 993 3410 788 3424 791 3468 791 3536 826 3547 829 3547 832 3547 922 3530 1101 3536 1104 3536 1107 3536 1107 3536 1133 3521 1139 3515 1154 3518 1186 3524 1189 3524 1236 3515 1294 3503 1318 3512 1353 3527 1353 3527 1356 3527 1479 3521 1482 3521 1482 3521 1502 3506 1508 3503 1526 3503 1666 3515 1666 3515 1669 3515 1725 3498 1751 3486 1863 3483 1904 3489 1983 3503 1986 3503 1989 3503 2033 3486 2056 3477 2080 3483 2103 3489 2106 3489 2109 3489 2170 3480 2200 3477 2206 3477 2235 3495 2238 3495 2241 3495 2326 3474 2367 3465 2378 3471 2402 3489 2405 3489 2408 3489 2411 3489 2493 3486 2496 3486 2566 3465 2598 3457 2733 3457 2736 3395 2733 3392 2730 3377"/></Shape>
	    <String CONTENT="so -as &amp; denseo -es : Miser &#42839;&#870;&#42839; miseri . Miseror -aris p&#869;m&#281; . Misereor u&#870; sc&#273;&#281; c&#771;iugationis :" HPOS="788" VPOS="3342" WIDTH="1948" HEIGHT="205"/>
          </TextLine>

          
        </TextBlock>
        
        <TextBlock HPOS="2730" VPOS="319" WIDTH="175" HEIGHT="254" ID="eSc_textblock_8a744e25" TAGREFS="BT5748">
          <Shape><Polygon POINTS="2730 319 2730 574 2906 574 2906 319"/></Shape>
          
          
          <TextLine ID="eSc_line_5804daff" TAGREFS="LT1979" BASELINE="2753 369 2874 366" HPOS="2745" VPOS="319" WIDTH="125" HEIGHT="70">
            <Shape><Polygon POINTS="2850 319 2815 319 2800 319 2745 322 2748 366 2748 389 2783 389 2818 389 2853 389 2868 389 2871 363 2862 319 2850 319"/></Shape>
	    <String CONTENT="D&#361; uenit" HPOS="2745" VPOS="319" WIDTH="125" HEIGHT="70"/>
          </TextLine>

          
          
          <TextLine ID="eSc_line_c3aef716" TAGREFS="LT1979" BASELINE="2750 395 2897 395" HPOS="2748" VPOS="336" WIDTH="146" HEIGHT="84">
            <Shape><Polygon POINTS="2818 366 2783 366 2748 366 2748 392 2748 418 2783 418 2818 418 2841 418 2888 421 2894 392 2891 392 2876 336 2853 366"/></Shape>
	    <String CONTENT="a no&#771;e min&#42864;" HPOS="2748" VPOS="336" WIDTH="146" HEIGHT="84"/>
          </TextLine>

          
          
          <TextLine ID="eSc_line_f3bcca01" TAGREFS="LT1979" BASELINE="2753 427 2897 433" HPOS="2745" VPOS="380" WIDTH="149" HEIGHT="67">
            <Shape><Polygon POINTS="2853 395 2818 395 2783 395 2748 395 2748 421 2745 439 2885 448 2894 430 2888 380 2888 392"/></Shape>
	    <String CONTENT="trisillabo" HPOS="2745" VPOS="380" WIDTH="149" HEIGHT="67"/>
          </TextLine>

          
          
          <TextLine ID="eSc_line_e73570ff" TAGREFS="LT1979" BASELINE="2750 457 2900 468" HPOS="2745" VPOS="421" WIDTH="152" HEIGHT="52">
            <Shape><Polygon POINTS="2853 430 2818 430 2783 427 2748 427 2748 454 2745 471 2888 474 2897 465 2894 421 2888 430"/></Shape>
	    <String CONTENT="n&#771; habente&#771;" HPOS="2745" VPOS="421" WIDTH="152" HEIGHT="52"/>
          </TextLine>

          
          
          <TextLine ID="eSc_line_49c6b216" TAGREFS="LT1979" BASELINE="2750 486 2900 498" HPOS="2745" VPOS="457" WIDTH="152" HEIGHT="64">
            <Shape><Polygon POINTS="2888 465 2853 465 2818 462 2783 457 2748 457 2748 483 2745 509 2888 521 2897 492 2894 465 2888 465"/></Shape>
	    <String CONTENT="penultina&#771;" HPOS="2745" VPOS="457" WIDTH="152" HEIGHT="64"/>
          </TextLine>

          
          
          <TextLine ID="eSc_line_cb66c0d5" TAGREFS="LT1979" BASELINE="2742 530 2912 533" HPOS="2739" VPOS="498" WIDTH="172" HEIGHT="55">
            <Shape><Polygon POINTS="2742 498 2742 530 2739 547 2903 553 2912 533 2912 512 2909 498"/></Shape>
	    <String CONTENT="in &#247; desinen" HPOS="2739" VPOS="498" WIDTH="172" HEIGHT="55"/>
          </TextLine>

          
          
          <TextLine ID="eSc_line_e5b88269" TAGREFS="LT1979" BASELINE="2748 574 2818 574" HPOS="2745" VPOS="533" WIDTH="84" HEIGHT="52">
            <Shape><Polygon POINTS="2745 533 2745 571 2745 580 2812 585 2830 568 2815 533 2780 533"/></Shape>
	    <String CONTENT="tem :" HPOS="2745" VPOS="533" WIDTH="84" HEIGHT="52"/>
          </TextLine>

          
        </TextBlock>
        
        <TextBlock HPOS="2736" VPOS="583" WIDTH="187" HEIGHT="193" ID="eSc_textblock_5b2b2721" TAGREFS="BT5748">
          <Shape><Polygon POINTS="2923 776 2923 583 2736 583 2736 776"/></Shape>
          
          
          <TextLine ID="eSc_line_0d42bf44" TAGREFS="LT1979" BASELINE="2733 597 2915 609" HPOS="2727" VPOS="577" WIDTH="184" HEIGHT="46">
            <Shape><Polygon POINTS="2871 585 2835 585 2800 585 2765 585 2730 577 2730 594 2727 624 2762 618 2797 624 2833 624 2868 624 2906 624 2912 606 2906 585"/></Shape>
	    <String CONTENT="Calx eni &amp;" HPOS="2727" VPOS="577" WIDTH="184" HEIGHT="46"/>
          </TextLine>

          
          
          <TextLine ID="eSc_line_a02ea807" TAGREFS="LT1979" BASELINE="2736 632 2897 632" HPOS="2730" VPOS="577" WIDTH="164" HEIGHT="73">
            <Shape><Polygon POINTS="2835 603 2800 603 2771 621 2730 577 2736 647 2730 650 2762 650 2765 650 2800 650 2835 650 2871 650 2888 650 2894 629 2894 606 2871 606"/></Shape>
	    <String CONTENT="caltius &amp; cal" HPOS="2730" VPOS="577" WIDTH="164" HEIGHT="73"/>
          </TextLine>

          
          
          <TextLine ID="eSc_line_0af97ebc" TAGREFS="LT1979" BASELINE="2745 659 2912 662" HPOS="2739" VPOS="609" WIDTH="169" HEIGHT="70">
            <Shape><Polygon POINTS="2847 632 2812 632 2777 632 2742 632 2742 656 2739 673 2900 679 2909 670 2903 612 2900 609 2882 632"/></Shape>
	    <String CONTENT="caneus idem?" HPOS="2739" VPOS="609" WIDTH="169" HEIGHT="70"/>
          </TextLine>

          
          
          <TextLine ID="eSc_line_5ffb53c0" TAGREFS="LT1979" BASELINE="2733 685 2906 688" HPOS="2727" VPOS="656" WIDTH="175" HEIGHT="46">
            <Shape><Polygon POINTS="2838 667 2800 659 2771 665 2753 656 2733 659 2730 682 2727 700 2897 703 2903 685 2897 659 2871 659"/></Shape>
	    <String CONTENT="Calcis eni&#771;" HPOS="2727" VPOS="656" WIDTH="175" HEIGHT="46"/>
          </TextLine>

          
          
          <TextLine ID="eSc_line_b6a209bc" TAGREFS="LT1979" BASELINE="2739 714 2909 714" HPOS="2736" VPOS="662" WIDTH="169" HEIGHT="73">
            <Shape><Polygon POINTS="2850 697 2806 685 2771 685 2736 711 2736 735 2771 735 2806 735 2841 735 2876 735 2906 735 2906 711 2903 662 2900 662 2876 685"/></Shape>
	    <String CONTENT="uult isidor&#42864;" HPOS="2736" VPOS="662" WIDTH="169" HEIGHT="73"/>
          </TextLine>

          
          
          <TextLine ID="eSc_line_adc5636f" TAGREFS="LT1979" BASELINE="2748 747 2909 747" HPOS="2745" VPOS="714" WIDTH="161" HEIGHT="64">
            <Shape><Polygon POINTS="2859 729 2818 729 2786 732 2745 714 2745 744 2748 773 2900 779 2906 744 2906 714 2885 714"/></Shape>
	    <String CONTENT="nominatiu&#361;" HPOS="2745" VPOS="714" WIDTH="161" HEIGHT="64"/>
          </TextLine>

          
        </TextBlock>
        
        <TextBlock HPOS="2724" VPOS="1028" WIDTH="202" HEIGHT="524" ID="eSc_textblock_1e8e27db" TAGREFS="BT5748">
          <Shape><Polygon POINTS="2724 1028 2724 1552 2926 1552 2926 1028"/></Shape>
          
          
          <TextLine ID="eSc_line_f57db266" TAGREFS="LT1979" BASELINE="2742 1042 2876 1034" HPOS="2742" VPOS="981" WIDTH="134" HEIGHT="84">
            <Shape><Polygon POINTS="2742 1042 2742 1066 2876 1054 2876 1034 2871 987 2812 981 2809 981 2806 981 2803 981 2803 984 2786 999 2780 1004 2742 1004 2742 1042"/></Shape>
	    <String CONTENT="In hoc dicet" HPOS="2742" VPOS="981" WIDTH="134" HEIGHT="84"/>
          </TextLine>

          
          
          <TextLine ID="eSc_line_aaf1a403" TAGREFS="LT1979" BASELINE="2742 1072 2903 1069" HPOS="2739" VPOS="1034" WIDTH="164" HEIGHT="58">
            <Shape><Polygon POINTS="2859 1057 2739 1054 2742 1072 2742 1092 2897 1083 2903 1069 2897 1045 2859 1034 2859 1037"/></Shape>
	    <String CONTENT="uera&#771; ee&#771; obser" HPOS="2739" VPOS="1034" WIDTH="164" HEIGHT="58"/>
          </TextLine>

          
          
          <TextLine ID="eSc_line_f09baee0" TAGREFS="LT1979" BASELINE="2742 1104 2894 1104" HPOS="2742" VPOS="1075" WIDTH="152" HEIGHT="52">
            <Shape><Polygon POINTS="2742 1127 2894 1125 2894 1104 2891 1075 2742 1075 2742 1104"/></Shape>
	    <String CONTENT="uationu&#771; cla&#361;" HPOS="2742" VPOS="1075" WIDTH="152" HEIGHT="52"/>
          </TextLine>

          
          
          <TextLine ID="eSc_line_48d54c17" TAGREFS="LT1979" BASELINE="2742 1127 2903 1130" HPOS="2736" VPOS="1075" WIDTH="164" HEIGHT="82">
            <Shape><Polygon POINTS="2844 1104 2809 1104 2774 1104 2739 1104 2739 1125 2736 1154 2771 1151 2806 1154 2841 1154 2876 1154 2876 1157 2897 1157 2900 1127 2894 1075 2879 1104"/></Shape>
	    <String CONTENT="sularu&#771; in uer" HPOS="2736" VPOS="1075" WIDTH="164" HEIGHT="82"/>
          </TextLine>

          
          
          <TextLine ID="eSc_line_7ed892e3" TAGREFS="LT1979" BASELINE="2742 1166 2882 1160" HPOS="2736" VPOS="1125" WIDTH="143" HEIGHT="64">
            <Shape><Polygon POINTS="2847 1139 2809 1145 2771 1127 2736 1125 2739 1163 2739 1189 2774 1189 2809 1189 2830 1189 2876 1186 2879 1157 2868 1127 2841 1127"/></Shape>
	    <String CONTENT="bis &#59571; ipsa" HPOS="2736" VPOS="1125" WIDTH="143" HEIGHT="64"/>
          </TextLine>

          
          
          <TextLine ID="eSc_line_5a22dd3d" TAGREFS="LT1979" BASELINE="2739 1198 2894 1195" HPOS="2730" VPOS="1151" WIDTH="158" HEIGHT="70">
            <Shape><Polygon POINTS="2841 1171 2806 1180 2765 1180 2730 1160 2736 1195 2736 1221 2885 1215 2888 1192 2882 1154 2876 1151 2871 1183"/></Shape>
	    <String CONTENT="uerba qu&#281;" HPOS="2730" VPOS="1151" WIDTH="158" HEIGHT="70"/>
          </TextLine>

          
          
          <TextLine ID="eSc_line_7fc016eb" TAGREFS="LT1979" BASELINE="2736 1233 2885 1233" HPOS="2736" VPOS="1198" WIDTH="149" HEIGHT="55">
            <Shape><Polygon POINTS="2736 1233 2736 1253 2885 1250 2885 1233 2882 1198 2736 1201 2736 1233"/></Shape>
	    <String CONTENT="habent uo" HPOS="2736" VPOS="1198" WIDTH="149" HEIGHT="55"/>
          </TextLine>

          
          
          <TextLine ID="eSc_line_bd2847ce" TAGREFS="LT1979" BASELINE="2739 1262 2903 1262" HPOS="2736" VPOS="1215" WIDTH="164" HEIGHT="73">
            <Shape><Polygon POINTS="2876 1233 2841 1233 2806 1233 2771 1233 2736 1233 2736 1259 2736 1289 2762 1286 2771 1283 2806 1283 2841 1283 2844 1283 2900 1280 2900 1259 2900 1215 2882 1215 2876 1233"/></Shape>
	    <String CONTENT="calem an" HPOS="2736" VPOS="1215" WIDTH="164" HEIGHT="73"/>
          </TextLine>

          
          
          <TextLine ID="eSc_line_2a81740f" TAGREFS="LT1979" BASELINE="2742 1291 2897 1289" HPOS="2739" VPOS="1259" WIDTH="158" HEIGHT="52">
            <Shape><Polygon POINTS="2879 1262 2856 1262 2838 1262 2739 1265 2742 1291 2742 1312 2897 1309 2897 1289 2891 1259 2879 1259 2879 1262"/></Shape>
	    <String CONTENT="te .o. aliaru&#771;" HPOS="2739" VPOS="1259" WIDTH="158" HEIGHT="52"/>
          </TextLine>

          
          
          <TextLine ID="eSc_line_3fc26479" TAGREFS="LT1979" BASELINE="2736 1327 2917 1327" HPOS="2730" VPOS="1268" WIDTH="184" HEIGHT="73">
            <Shape><Polygon POINTS="2835 1289 2800 1289 2765 1289 2742 1268 2730 1268 2748 1333 2733 1341 2915 1341 2915 1324 2915 1286 2871 1280 2871 1289"/></Shape>
	    <String CONTENT="sunt c&#771;iuga" HPOS="2730" VPOS="1268" WIDTH="184" HEIGHT="73"/>
          </TextLine>

          
          
          <TextLine ID="eSc_line_04d7fdbb" TAGREFS="LT1979" BASELINE="2753 1359 2888 1362" HPOS="2745" VPOS="1324" WIDTH="140" HEIGHT="49">
            <Shape><Polygon POINTS="2853 1324 2818 1324 2783 1324 2748 1324 2748 1356 2745 1374 2882 1371 2885 1359 2879 1324 2853 1324"/></Shape>
	    <String CONTENT="tion&#361; &#42839; il" HPOS="2745" VPOS="1324" WIDTH="140" HEIGHT="49"/>
          </TextLine>

          
          
          <TextLine ID="eSc_line_398586aa" TAGREFS="LT1979" BASELINE="2736 1385 2909 1382" HPOS="2736" VPOS="1365" WIDTH="172" HEIGHT="41">
            <Shape><Polygon POINTS="2736 1406 2906 1406 2909 1382 2900 1368 2736 1365 2736 1385"/></Shape>
	    <String CONTENT="la qu&#281; habeNT" HPOS="2736" VPOS="1365" WIDTH="172" HEIGHT="41"/>
          </TextLine>

          
          
          <TextLine ID="eSc_line_c23868e2" TAGREFS="LT1979" BASELINE="2742 1423 2912 1429" HPOS="2736" VPOS="1376" WIDTH="169" HEIGHT="67">
            <Shape><Polygon POINTS="2844 1382 2809 1382 2774 1382 2739 1382 2739 1420 2736 1438 2900 1444 2906 1426 2903 1382 2882 1376 2879 1382"/></Shape>
	    <String CONTENT="consonantib&#61868;" HPOS="2736" VPOS="1376" WIDTH="169" HEIGHT="67"/>
          </TextLine>

          
          
          <TextLine ID="eSc_line_6d62b4c5" TAGREFS="LT1979" BASELINE="2762 1456 2885 1458" HPOS="2756" VPOS="1423" WIDTH="125" HEIGHT="52">
            <Shape><Polygon POINTS="2830 1426 2794 1423 2759 1423 2759 1453 2756 1476 2879 1476 2882 1456 2879 1426 2865 1426"/></Shape>
	    <String CONTENT="Ipsa prima" HPOS="2756" VPOS="1423" WIDTH="125" HEIGHT="52"/>
          </TextLine>

          
          
          <TextLine ID="eSc_line_ca9ba124" TAGREFS="LT1979" BASELINE="2756 1488 2906 1488" HPOS="2753" VPOS="1441" WIDTH="149" HEIGHT="73">
            <Shape><Polygon POINTS="2859 1456 2824 1456 2789 1456 2771 1441 2753 1441 2753 1482 2753 1514 2777 1511 2789 1508 2824 1508 2859 1508 2894 1508 2894 1508 2903 1508 2903 1482 2903 1441 2876 1441 2859 1456"/></Shape>
	    <String CONTENT="&#42833;sona a pto" HPOS="2753" VPOS="1441" WIDTH="149" HEIGHT="73"/>
          </TextLine>

          
          
          <TextLine ID="eSc_line_74c093d3" TAGREFS="LT1979" BASELINE="2771 1514 2903 1514" HPOS="2765" VPOS="1488" WIDTH="134" HEIGHT="38">
            <Shape><Polygon POINTS="2871 1488 2835 1488 2800 1488 2765 1488 2765 1511 2765 1526 2900 1523 2900 1511 2900 1488 2871 1488"/></Shape>
	    <String CONTENT="fac&#771; sc&#273;am" HPOS="2765" VPOS="1488" WIDTH="134" HEIGHT="38"/>
          </TextLine>

          
        </TextBlock>
        
        <TextBlock HPOS="2733" VPOS="1842" WIDTH="187" HEIGHT="767" ID="eSc_textblock_5d4f4ddf" TAGREFS="BT5748">
          <Shape><Polygon POINTS="2733 1842 2745 2610 2920 2610 2920 1892 2920 1842"/></Shape>
          
          
          <TextLine ID="eSc_line_261b716f" TAGREFS="LT1979" BASELINE="2739 1872 2909 1860" HPOS="2730" VPOS="1833" WIDTH="175" HEIGHT="49">
            <Shape><Polygon POINTS="2835 1842 2800 1842 2765 1842 2730 1833 2736 1869 2736 1883 2906 1877 2906 1854 2903 1842 2871 1842"/></Shape>
	    <String CONTENT=".s. st&#771; uerba" HPOS="2730" VPOS="1833" WIDTH="175" HEIGHT="49"/>
          </TextLine>

          
          
          <TextLine ID="eSc_line_82f8fd7a" TAGREFS="LT1979" BASELINE="2748 1898 2909 1895" HPOS="2742" VPOS="1860" WIDTH="164" HEIGHT="70">
            <Shape><Polygon POINTS="2882 1860 2847 1863 2812 1866 2777 1866 2742 1869 2745 1895 2745 1924 2780 1924 2815 1924 2850 1921 2885 1921 2885 1930 2903 1930 2906 1889 2897 1860 2882 1860"/></Shape>
	    <String CONTENT="prim&#281; c&#771;iuga" HPOS="2742" VPOS="1860" WIDTH="164" HEIGHT="70"/>
          </TextLine>

          
          
          <TextLine ID="eSc_line_624665dc" TAGREFS="LT1979" BASELINE="2742 1936 2906 1930" HPOS="2739" VPOS="1889" WIDTH="164" HEIGHT="67">
            <Shape><Polygon POINTS="2841 1895 2806 1895 2771 1895 2739 1933 2739 1957 2844 1957 2879 1957 2903 1957 2903 1924 2894 1889 2876 1895"/></Shape>
	    <String CONTENT="tionis s?utien" HPOS="2739" VPOS="1889" WIDTH="164" HEIGHT="67"/>
          </TextLine>

          
          
          <TextLine ID="eSc_line_0fa1313a" TAGREFS="LT1979" BASELINE="2739 1974 2882 1965" HPOS="2727" VPOS="1916" WIDTH="152" HEIGHT="70">
            <Shape><Polygon POINTS="2835 1930 2800 1933 2765 1933 2753 1916 2727 1916 2750 1980 2736 1986 2771 1983 2806 1983 2841 1983 2876 1983 2879 1959 2871 1930"/></Shape>
	    <String CONTENT="tia no&#771;a ex" HPOS="2727" VPOS="1916" WIDTH="152" HEIGHT="70"/>
          </TextLine>

          
          
          <TextLine ID="eSc_line_159b8e70" TAGREFS="LT1979" BASELINE="2742 1992 2888 1989" HPOS="2739" VPOS="1951" WIDTH="146" HEIGHT="61">
            <Shape><Polygon POINTS="2841 1965 2806 1968 2771 1968 2739 1989 2739 2012 2774 2012 2809 2012 2844 2012 2879 2012 2882 2012 2885 1986 2876 1951 2876 1965"/></Shape>
	    <String CONTENT="se uerba &#247;" HPOS="2739" VPOS="1951" WIDTH="146" HEIGHT="61"/>
          </TextLine>

          
          
          <TextLine ID="eSc_line_e5b39096" TAGREFS="LT1979" BASELINE="2736 2021 2900 2024" HPOS="2733" VPOS="1992" WIDTH="166" HEIGHT="58">
            <Shape><Polygon POINTS="2830 1992 2806 1992 2783 1992 2759 1992 2736 1992 2736 2021 2733 2047 2894 2050 2900 2024 2900 1992 2876 1992 2853 1992"/></Shape>
	    <String CONTENT="d&#361; faciunt" HPOS="2733" VPOS="1992" WIDTH="166" HEIGHT="58" WC="0.930215561389923"/>
          </TextLine>

          
          
          <TextLine ID="eSc_line_a8d3993b" TAGREFS="LT1979" BASELINE="2730 2062 2909 2068" HPOS="2724" VPOS="2018" WIDTH="184" HEIGHT="58">
            <Shape><Polygon POINTS="2762 2021 2727 2018 2727 2059 2724 2077 2909 2074 2906 2065 2903 2024 2815 2021 2797 2021"/></Shape>
	    <String CONTENT="no&#771;a ex se uer" HPOS="2724" VPOS="2018" WIDTH="184" HEIGHT="58"/>
          </TextLine>

          
          
          <TextLine ID="eSc_line_9528a988" TAGREFS="LT1979" BASELINE="2742 2094 2786 2097" HPOS="2736" VPOS="2062" WIDTH="46" HEIGHT="52">
            <Shape><Polygon POINTS="2774 2062 2739 2091 2736 2115 2780 2115 2783 2094 2780 2062 2774 2062"/></Shape>
	    <String CONTENT="ba" HPOS="2736" VPOS="2062" WIDTH="46" HEIGHT="52"/>
          </TextLine>

          
          
          <TextLine ID="eSc_line_074350f5" TAGREFS="LT1979" BASELINE="2736 2135 2906 2135" HPOS="2730" VPOS="2080" WIDTH="172" HEIGHT="79">
            <Shape><Polygon POINTS="2762 2091 2730 2091 2730 2132 2733 2159 2903 2153 2903 2132 2903 2080 2771 2091 2765 2094"/></Shape>
	    <String CONTENT="Tumultus" HPOS="2730" VPOS="2080" WIDTH="172" HEIGHT="79"/>
          </TextLine>

          
          
          <TextLine ID="eSc_line_69f1568e" TAGREFS="LT1979" BASELINE="2742 2173 2903 2165" HPOS="2739" VPOS="2132" WIDTH="161" HEIGHT="58">
            <Shape><Polygon POINTS="2841 2132 2806 2132 2771 2132 2739 2170 2739 2191 2774 2191 2791 2191 2897 2185 2900 2162 2894 2132 2876 2132"/></Shape>
	    <String CONTENT="quasi timor" HPOS="2739" VPOS="2132" WIDTH="161" HEIGHT="58"/>
          </TextLine>

          
          
          <TextLine ID="eSc_line_b3982fa3" TAGREFS="LT1979" BASELINE="2736 2203 2897 2200" HPOS="2727" VPOS="2150" WIDTH="166" HEIGHT="82">
            <Shape><Polygon POINTS="2833 2162 2797 2165 2762 2165 2745 2150 2727 2150 2730 2200 2730 2232 2888 2217 2894 2197 2885 2162 2868 2162"/></Shape>
	    <String CONTENT="multus &#247;" HPOS="2727" VPOS="2150" WIDTH="166" HEIGHT="82"/>
          </TextLine>

          
          
          <TextLine ID="eSc_line_0998ac8e" TAGREFS="LT1979" BASELINE="2736 2241 2903 2238" HPOS="2727" VPOS="2179" WIDTH="172" HEIGHT="79">
            <Shape><Polygon POINTS="2868 2200 2833 2200 2797 2200 2762 2200 2727 2200 2730 2238 2730 2255 2897 2258 2900 2235 2882 2179 2868 2200"/></Shape>
	    <String CONTENT="sonit&#42864; magn&#42864;" HPOS="2727" VPOS="2179" WIDTH="172" HEIGHT="79"/>
          </TextLine>

          
          
          <TextLine ID="eSc_line_c543da1a" TAGREFS="LT1979" BASELINE="2742 2279 2888 2279" HPOS="2742" VPOS="2241" WIDTH="146" HEIGHT="61">
            <Shape><Polygon POINTS="2742 2299 2885 2302 2888 2279 2885 2241 2742 2244 2742 2279"/></Shape>
	    <String CONTENT="Vlcus pc&#771;e&#273;" HPOS="2742" VPOS="2241" WIDTH="146" HEIGHT="61"/>
          </TextLine>

          
          
          <TextLine ID="eSc_line_d12eaa5a" TAGREFS="LT1979" BASELINE="2739 2314 2876 2311" HPOS="2730" VPOS="2250" WIDTH="140" HEIGHT="90">
            <Shape><Polygon POINTS="2800 2279 2765 2279 2739 2250 2730 2250 2736 2311 2736 2340 2868 2332 2871 2308 2865 2279 2835 2279"/></Shape>
	    <String CONTENT="interius" HPOS="2730" VPOS="2250" WIDTH="140" HEIGHT="90"/>
          </TextLine>

          
          
          <TextLine ID="eSc_line_673013c1" TAGREFS="LT1979" BASELINE="2730 2349 2882 2346" HPOS="2721" VPOS="2279" WIDTH="158" HEIGHT="84">
            <Shape><Polygon POINTS="2830 2311 2794 2311 2759 2311 2721 2305 2724 2279 2727 2346 2727 2361 2876 2364 2879 2343 2871 2302 2868 2296 2865 2311"/></Shape>
	    <String CONTENT="uulnus ex" HPOS="2721" VPOS="2279" WIDTH="158" HEIGHT="84"/>
          </TextLine>

          
          
          <TextLine ID="eSc_line_2b050651" TAGREFS="LT1979" BASELINE="2730 2375 2859 2370" HPOS="2724" VPOS="2346" WIDTH="128" HEIGHT="55">
            <Shape><Polygon POINTS="2830 2346 2794 2346 2759 2346 2724 2346 2727 2373 2727 2402 2853 2402 2853 2367 2847 2346 2830 2346"/></Shape>
	    <String CONTENT="terius :" HPOS="2724" VPOS="2346" WIDTH="128" HEIGHT="55"/>
          </TextLine>

          
          
          <TextLine ID="eSc_line_944bca1a" TAGREFS="LT1979" BASELINE="2739 2414 2876 2414" HPOS="2739" VPOS="2373" WIDTH="137" HEIGHT="70">
            <Shape><Polygon POINTS="2739 2440 2762 2440 2786 2440 2809 2440 2833 2440 2833 2443 2844 2419 2876 2414 2874 2373 2739 2378 2739 2414"/></Shape>
	    <String CONTENT="Siu&#830;e .u." HPOS="2739" VPOS="2373" WIDTH="137" HEIGHT="70"/>
          </TextLine>

          
          
          <TextLine ID="eSc_line_76fd2d7b" TAGREFS="LT1979" BASELINE="2730 2443 2853 2443" HPOS="2730" VPOS="2408" WIDTH="123" HEIGHT="64">
            <Shape><Polygon POINTS="2824 2416 2800 2416 2777 2416 2753 2416 2750 2408 2730 2408 2730 2443 2730 2472 2853 2455 2853 2443 2847 2416"/></Shape>
	    <String CONTENT="uocalis" HPOS="2730" VPOS="2408" WIDTH="123" HEIGHT="64"/>
          </TextLine>

          
          
          <TextLine ID="eSc_line_d4a1138d" TAGREFS="LT1979" BASELINE="2730 2478 2882 2481" HPOS="2724" VPOS="2443" WIDTH="164" HEIGHT="55">
            <Shape><Polygon POINTS="2794 2463 2762 2463 2727 2443 2727 2472 2724 2499 2876 2496 2879 2478 2888 2475 2871 2452 2835 2463"/></Shape>
	    <String CONTENT="ut uacuus" HPOS="2724" VPOS="2443" WIDTH="164" HEIGHT="55"/>
          </TextLine>

          
          
          <TextLine ID="eSc_line_4c26f948" TAGREFS="LT1979" BASELINE="2733 2513 2915 2510" HPOS="2730" VPOS="2463" WIDTH="181" HEIGHT="70">
            <Shape><Polygon POINTS="2835 2478 2800 2478 2765 2478 2730 2478 2730 2507 2730 2528 2912 2534 2912 2507 2912 2463 2876 2490 2871 2478"/></Shape>
	    <String CONTENT="uacuo uiduo" HPOS="2730" VPOS="2463" WIDTH="181" HEIGHT="70"/>
          </TextLine>

          
          
          <TextLine ID="eSc_line_308befcf" TAGREFS="LT1979" BASELINE="2736 2554 2915 2545" HPOS="2727" VPOS="2507" WIDTH="184" HEIGHT="70">
            <Shape><Polygon POINTS="2868 2513 2833 2513 2797 2513 2762 2513 2727 2507 2730 2551 2730 2578 2912 2572 2912 2542 2903 2513"/></Shape>
	    <String CONTENT="tenuo fatuo" HPOS="2727" VPOS="2507" WIDTH="184" HEIGHT="70"/>
          </TextLine>

          
          
          <TextLine ID="eSc_line_9382f43f" TAGREFS="LT1979" BASELINE="2739 2592 2894 2583" HPOS="2730" VPOS="2545" WIDTH="158" HEIGHT="70">
            <Shape><Polygon POINTS="2871 2545 2835 2545 2800 2551 2765 2551 2730 2551 2736 2589 2736 2616 2888 2616 2888 2581 2879 2545 2871 2545"/></Shape>
	    <String CONTENT="infatuor :" HPOS="2730" VPOS="2545" WIDTH="158" HEIGHT="70"/>
          </TextLine>

          
        </TextBlock>
        

        
      </PrintSpace>
    </Page>
  </Layout>
</alto>