3000 4274
682 131 849 149 * ÷ differentia c̃iugationũ ꝓpt̃ diuersa c̃lausulã

673 225 375 99 ÷ ñ solũ in diriuatiuis

216 260 1930 149 sicut in aliis quoque prim̃tiuis uerbis. idẽ euenit quę in .eo. quidem desinentia scđę con

225 339 1910 164 iugationis : .E. autẽ carentia tertię st̃ ut .ẽ. Ferueo -es Feruo -uis. Vndẽ uirgłs

210 445 1939 152 in .VIII. libro Feruere leuchaten dixit Strido -dis ut Virgłs georgicon libro .IIII.

1930 512 105 61 feroci

210 524 1974 149 Stridere apes utero Strideo -es Vt lucanus in .VII. libro & urib; incertũ feralis tride

1675 597 451 79 Alii codices Hos ne ego cõplexus

210 638 1971 137 at umbra : Et tueor qđ ap̃ statiũ in tertio libro tuor legimus . Non ego cõpletus ge

202 720 1968 140 nitrix hęc osculanati uratuor sic quos extremo in fine ligauit : Ex quo cõpositũ etiã

202 811 1989 128 intuor . Idẽ in eodẽ libro dixit Armigeras sũmi iouis exultante caterua : Intuor ma

2030 893 164 61 enuntiauit

210 914 1998 137 chis s̃ hi tibi cocipe reges idem etiã aliud ab eo cõpositũ in .VIIII. libro thebaidos extulit

667 993 275 73 Alii codices infensor

1166 993 175 82 simul uideo

222 1025 1306 125 contuor ut Nãq; mͦ infensos utero mihi contuor enses

228 1104 1971 125 SOLA HęC ITAQ PRIMA CONIVGATIO SILLABAS GENITIVORVM NOMINIS

782 1189 208 61 diriuatione

1092 1180 137 61 exceptis

219 1192 1989 134 custodire sol& in uerbi traductionẽ notatis illis paucis terminationib; in .co. in .to.

1523 1256 348 73 diriuatis ⁊  notatis

1904 1259 172 87 ÷ si aliquã

219 1300 1968 123 in .ilo. ł in .cimor. ł in .cito. ł in .uo. a quarta declinatione traductis et siqu̾ę s̃ tales

802 1376 114 76 ÷ sine

1089 1365 108 90 sitũ

1230 1359 375 82 Alii codices credentis

222 1394 231 70 diriuationes

222 1391 1895 128 traductiones quas quasi pret̃ aliorũ morem crescentes superius obseruauimus

999 1464 281 58 dubietas anxietas

222 1464 1945 149 Illo ꝗͦꝗ generaliter ut omĩs ambiguitas tollat̃ addendo qđ licet duplex sit termi

571 1576 240 76 in prima ꝑsona

240 1573 1939 134 natio latinorũ in posstione uerberũ .i. aut in .o. ł in .or. in indicatiuo pręsenti desi

539 1669 149 58 .s.uerbis

744 1672 178 41 .s. uerba

1042 1646 814 73 ÷ con rationalitatis ł ꝓportionis siue similitudinis

1907 1646 123 70 ꝓfitię

240 1666 1962 125 nens absq corruptis quę carent regulis analogię ut sũ es ÷. Possũ prosũ edo et

486 1737 474 84 .s. hę cire illa additio ꝗ dicit

240 1746 1968 125 similibus Scendũ ÷ ĩor ꝗdẽ uerba desinentia si passiua sint suorũ actiuorũ c̃iu

249 1845 1948 125 gationẽ seruare .i. siue uocalis siue c̃sonans sit ante .o. addita .R. littera ñ mu

1265 1924 166 67 ÷ passiua

254 1948 1962 120 tatur coniugatio si ꝑmaneat eadẽ uerbi significatio ut curo -as curor, doceo do

1133 2024 392 67 .s. si efficiant᷑ deponentia

257 2044 1954 108 ceor scribo scribor audio or. Mutato uͦ genere ł significatione uerbi lic&

1420 2106 240 79 .s. et efficiant᷑

2088 2083 140 79 in honoro

1710 2109 336 82 c̃iugationẽ ÷ passiuã

2083 2135 131 49 despitio

260 2156 1971 84 nihil aliud nͥ .r. tantũ assumat tam̃ non obseruat Eandẽ ̶s̶i̶g̶n̶i̶f̶i̶c̶a̶t̶i̶o̶n̶ẽ̶ : ut sperno

307 2217 307 70 inhonoror despitior

667 2214 310 64 despicio ł derideo

1245 2217 799 55 deitio ordino ł orno uos cernantur auro mundo

266 2229 1986 134 .is. spernor -eris Asꝑnor deponens -aris, Sterno -is sternor -eris, conspio -is. C̃spitior

2282 2267 295 82 * aspitio -is

366 2314 108 70 uideo

958 2326 219 61 + stupefacio

2293 2317 290 102 aspitior tris

257 2323 1945 123 eris conspicor deponens -aris consternor autẽ deponens -aris. Fatio neutrũ. Gra

714 2402 301 67 decipio ł̃ ludũ fatio

1122 2402 152 76 intellego

1555 2405 301 52 Adulor consentio

375 2422 1807 111 tificor -aris, Ludificor -aris, Sentio sentis Assentor deponens

389 2496 166 82 fero Ago

662 2487 565 82 mores gero compositũ a nõe ⁊ uerbo

275 2510 1921 123 -aris, Gero -ris Morigeror -raris : Et .e. quidẽ habentia ante .or. scđę s̃ coniu

454 2613 140 61 ÷ sicut

975 2613 205 49 liquefatio

1327 2583 240 73 ꝓmitto spondeo

1590 2583 193 73 medico : sano

1790 2592 161 70 autumo

2003 2586 164 70 contristor

257 2619 1913 114 gationis ceu ante dictũ est ut liqueor Polliceor Medeor Reor Mereor

553 2695 96 64 timeo

747 2683 134 79 c̃fiteor

251 2709 1916 114 Misereor Vereor Fateor Tueor et qͣ ex his singulis cõponuntur : .I. autẽ

1113 2783 257 64 .s. coniugationis

1508 2774 266 82 cõpellunt᷑ uerba

251 2797 1913 96 ante .or. habentia  obseruationib; primę carentia coeunt᷑ ad quartã uenire

536 2862 574 70 circũdo induco Ab amicus ł amictus

1160 2865 269 76 texo ł incipio loqͥ

1699 2865 325 79 machinor argum̃tor

2050 2856 137 82 ł expecto

246 2912 1977 67 coniugatione : ut amitior Blandior Ordior Largior Molior Operior Meti

952 2882 190 67 adulor lenio

1426 2874 249 76 tribuo imꝑtior

1904 2888 146 58 prestolor

401 2947 199 61 accipio eligor

635 2950 108 61 c̃sentio

840 2956 117 58 diuido

257 2961 1980 125 .or. Sortior Assentio Partior Exceptis gradior et morior ⁊ patior quę se

1259 2958 219 61 uado ã bulo

1567 2961 125 64 intereo

1866 2964 260 55 poenã sustineo

257 3026 257 84 .s. coniugationis

843 3026 123 73 nascor

1163 3032 275 79 fruor & possideo

257 3061 1921 125 tertię correptę solius orior autẽ ⁊ potior tã tertię quã quartę quosdã

257 3125 193 64 idẽ ẽ & mođ

257 3137 1927 114 modos habent * In .uor. quoq desinentia primitiua tertię st̃ ut fruor -eris

1951 3123 319 96 utor inde frum̃tũ

257 3208 287 67 Sequor -eris

556 3210 263 64 loquor -eris

963 3219 858 70 liquor sequor  ñ est ibi .u. uocalis ideo dsicit hoc

254 3260 1939 123 liquor. Quorũ pesteriora ad consonantiũ regulã ꝑtinere uidere & inquor de

594 3254 82 38 luo?

799 3257 140 43 ÷ loquor

1819 3228 79 79 nt᷑

2003 3222 196 73 .s. non in .uer.

506 3307 175 70 .s. uiderent᷑

243 3351 1965 131 sinentium. uerborũ habere p̃teritũ Vt locuts sũ Secutus sũ ⁊ cetera : Consonan

58 1432 149 55 ut nauis na

58 1447 140 82 ago lrtis li

52 1488 152 87 ngo Remigo

58 1546 143 64 rumigo Miti

58 1587 102 73 go

55 1611 143 84 lic& sit du

58 1669 146 73 plex termi

58 1702 152 76 natio illud

61 1751 140 64 tamen debe

55 1775 152 73 mus addere

52 1819 172 79 ut om̃s ambi

43 1854 181 87 guitas tollat᷑

52 1918 169 70 sc ʜ om̃is su

102 1965 87 32 ratio

52 1957 178 79 periore ista sic̃

41 1998 190 87 *eimus illo

41 2047 199 82 obseruando .s.

43 2097 166 70 * alit̃ ÷

58 2150 175 67 seruando :

55 2194 178 67 uaduas ter

64 2238 181 73 minationes ht̃

73 2291 175 64 pręsens indica

41 2317 202 70 tiui ÷ .o. ł .tor.

35 2349 196 79 debemus dif

38 2378 237 90 ferentiã facere

29 2437 213 64 *r ambiguitas

41 2455 246 90 tollat᷑ ÷ debemꝰ

61 2525 181 70 iure qualia s̃

58 2578 193 67 [il]la in .o. ⁊ qua

61 2619 175 70 *a illa in .or.

58 2663 208 73 utrũ sint uni

55 2709 184 67 *is significationis

55 2748 155 76 ut coniugatio

55 2791 187 87 Nis an NoN

61 2850 169 64 aferius tam̃

70 2897 155 58 post istã c̃

70 2944 158 61 seruetunẽ ad

61 2970 169 84 ditur hoc qđ

58 3029 166 82 dicit fiÑ

61 3079 175 84 * ÷ Illa quę

90 3128 134 67 sequitur

87 3140 161 99 semꝑ post

90 3208 143 82 actiuã sig

90 3251 134 73 nificatio

105 3307 125 58 nẽ qđ est

102 3336 120 70 passiua

99 3377 143 76 deponens

99 3410 193 76 enim uerbũ

90 3457 216 67 quãuis habent

84 3495 231 79 formã passiuã c̃

76 3541 208 76 n tam̃ hab& sig

79 3585 210 61 nificationẽ : 

84 3618 234 73 deponentia maxi

82 3662 216 58 me hñt actiuã

79 3682 228 99 significationẽ

2247 257 474 87 Hic notatur  illa uerba

2250 328 471 76 quę seruant genitiuũ nõis se

2252 372 457 79 diriuata a nominib; Vt Turba

2261 427 465 58 Turbę Turbo -as ⁊rł .S. nisi fu

2258 454 518 79 erint tertię coniugationis ut sribo

2261 500 462 38 scribis Scrib& scrib& ⁊rł

2261 521 462 61 * Vt fluctus fluctuo Aestus

2258 568 536 82 Aestuo Sinus Sinuo et insinuo

2282 612 424 73 Vt albus albico debilis

2261 700 495 125 latrocinor Febris Febricito

2276 656 489 73 debilito Pullus Pullulo Latro

2507 149 114 114 84

369 3454 1813 105 Idẽ est genus & significatio in uerbo : Mutato uero genere : mutatur significatio simul cũ coniugatione

372 3509 1854 108  sicut aliud genus uerbi ẽ deponens quã passiuum sic & alia significationem habet deponens uerbũ quã passiuã

375 3536 1587 120 deponens enim maxime habet actiuam significationes : Passiuum uero : passiuũ

383 3591 1819 114 Idem ÷ liquor & liquo liquas ⁊ liqueo Vnde liquesco; Meta inde metor -aris ÷ termino & me

366 3641 2197 82 tior metiris ÷ mensuro meto tamen metis primitiuũ est ⁊ facit preteritũ messiũ Vnde & mere dicunt᷑ : cumuli annone

372 3682 2320 99 inter utor et fruor ut ait augustinus talls ÷ differentia utimur terrenis fruimur cęlestib; Sed nunc c̃funduNT inuicem :

377 3720 1713 84 Frum̃ enĩ est eminens pars gutturis qua uescimur Idẽ est & rum̃. Vnde et ruminare dicimus

369 3755 1828 84 Priscianus de significatione : Sunt quędã uerba quę tã actiua quã passiua uoce unũ atq idẽ signf̃ :

2540 3752 131 67 Nc̃ hic

366 3791 2414 137 ut mereo ⁊ mertor ⁊rł : Mereor enĩ qđ est passiuũ accipit᷑ ꝓ merito : ⁊ facit pt̃m merui : qđo tamen deponens sigñf lugeo ⁊ fac̃ ptm̃

2302 3832 556 108 mestus sũ Vnde merentes ÷ tristes

2276 3357 503 84 Regula uniformis est quę ad

2285 3407 512 73 unã formã coniugationis tantũ

2288 3457 372 93 ꝑtin& ÷ ad primam
