1024 1459
233 45 290 51 * ÷ differentia c̃iugationũ ꝓpt̃ diuersa c̃lausulã

230 77 128 34 ÷ ñ solũ in diriuatiuis

74 89 659 51 sicut in aliis quoque prim̃tiuis uerbis. idẽ euenit quę in .eo. quidem desinentia scđę con

77 116 652 56 iugationis : .E. autẽ carentia tertię st̃ ut .ẽ. Ferueo -es Feruo -uis. Vndẽ uirgłs

72 152 662 52 in .VIII. libro Feruere leuchaten dixit Strido -dis ut Virgłs georgicon libro .IIII.

659 175 36 21 feroci

72 179 674 51 Stridere apes utero Strideo -es Vt lucanus in .VII. libro & urib; incertũ feralis tride

572 204 154 27 Alii codices Hos ne ego cõplexus

72 218 673 47 at umbra : Et tueor qđ ap̃ statiũ in tertio libro tuor legimus . Non ego cõpletus ge

69 246 672 48 nitrix hęc osculanati uratuor sic quos extremo in fine ligauit : Ex quo cõpositũ etiã

69 277 679 44 intuor . Idẽ in eodẽ libro dixit Armigeras sũmi iouis exultante caterua : Intuor ma

693 305 56 21 enuntiauit

72 312 682 47 chis s̃ hi tibi cocipe reges idem etiã aliud ab eo cõpositũ in .VIIII. libro thebaidos extulit

228 339 94 25 Alii codices infensor

398 339 60 28 simul uideo

76 350 446 43 contuor ut Nãq; mͦ infensos utero mihi contuor enses

78 377 673 43 SOLA HęC ITAQ PRIMA CONIVGATIO SILLABAS GENITIVORVM NOMINIS

267 406 71 21 diriuatione

373 403 47 21 exceptis

75 407 679 46 custodire sol& in uerbi traductionẽ notatis illis paucis terminationib; in .co. in .to.

520 429 119 25 diriuatis ⁊  notatis

650 430 59 30 ÷ si aliquã

75 444 672 42 in .ilo. ł in .cimor. ł in .cito. ł in .uo. a quarta declinatione traductis et siqu̾ę s̃ tales

274 470 39 26 ÷ sine

372 466 37 31 sitũ

420 464 128 28 Alii codices credentis

76 476 79 24 diriuationes

76 475 647 44 traductiones quas quasi pret̃ aliorũ morem crescentes superius obseruauimus

341 500 96 20 dubietas anxietas

76 500 664 51 Illo ꝗͦꝗ generaliter ut omĩs ambiguitas tollat̃ addendo qđ licet duplex sit termi

195 538 82 26 in prima ꝑsona

82 537 662 46 natio latinorũ in posstione uerberũ .i. aut in .o. ł in .or. in indicatiuo pręsenti desi

184 570 51 20 .s.uerbis

254 571 61 14 .s. uerba

356 562 278 25 ÷ con rationalitatis ł ꝓportionis siue similitudinis

651 562 42 24 ꝓfitię

82 569 670 43 nens absq corruptis quę carent regulis analogię ut sũ es ÷. Possũ prosũ edo et

166 593 162 29 .s. hę cire illa additio ꝗ dicit

82 596 672 43 similibus Scendũ ÷ ĩor ꝗdẽ uerba desinentia si passiua sint suorũ actiuorũ c̃iu

85 630 665 43 gationẽ seruare .i. siue uocalis siue c̃sonans sit ante .o. addita .R. littera ñ mu

432 657 57 23 ÷ passiua

87 665 670 41 tatur coniugatio si ꝑmaneat eadẽ uerbi significatio ut curo -as curor, doceo do

387 691 134 23 .s. si efficiant᷑ deponentia

88 698 667 37 ceor scribo scribor audio or. Mutato uͦ genere ł significatione uerbi lic&

485 719 82 27 .s. et efficiant᷑

713 711 48 27 in honoro

584 720 115 28 c̃iugationẽ ÷ passiuã

711 729 45 17 despitio

89 736 673 29 nihil aliud nͥ .r. tantũ assumat tam̃ non obseruat Eandẽ ̶s̶i̶g̶n̶i̶f̶i̶c̶a̶t̶i̶o̶n̶ẽ̶ : ut sperno

105 757 105 24 inhonoror despitior

228 756 106 22 despicio ł derideo

425 757 273 19 deitio ordino ł orno uos cernantur auro mundo

91 761 678 46 .is. spernor -eris Asꝑnor deponens -aris, Sterno -is sternor -eris, conspio -is. C̃spitior

779 774 101 28 * aspitio -is

125 790 37 24 uideo

327 794 75 21 + stupefacio

783 791 99 35 aspitior tris

88 793 664 42 eris conspicor deponens -aris consternor autẽ deponens -aris. Fatio neutrũ. Gra

244 820 103 23 decipio ł̃ ludũ fatio

383 820 52 26 intellego

531 821 103 18 Adulor consentio

128 827 617 38 tificor -aris, Ludificor -aris, Sentio sentis Assentor deponens

133 852 57 28 fero Ago

226 849 193 28 mores gero compositũ a nõe ⁊ uerbo

94 857 656 42 -aris, Gero -ris Morigeror -raris : Et .e. quidẽ habentia ante .or. scđę s̃ coniu

155 892 48 21 ÷ sicut

333 892 70 17 liquefatio

453 882 82 25 ꝓmitto spondeo

543 882 66 25 medico : sano

611 885 55 24 autumo

684 883 56 24 contristor

88 894 653 39 gationis ceu ante dictũ est ut liqueor Polliceor Medeor Reor Mereor

189 920 33 22 timeo

255 916 46 27 c̃fiteor

86 925 654 39 Misereor Vereor Fateor Tueor et qͣ ex his singulis cõponuntur : .I. autẽ

380 950 88 22 .s. coniugationis

515 947 91 28 cõpellunt᷑ uerba

86 955 653 33 ante .or. habentia  obseruationib; primę carentia coeunt᷑ ad quartã uenire

183 977 196 24 circũdo induco Ab amicus ł amictus

396 978 92 26 texo ł incipio loqͥ

580 978 111 27 machinor argum̃tor

700 975 47 28 ł expecto

84 994 675 23 coniugatione : ut amitior Blandior Ordior Largior Molior Operior Meti

325 984 65 23 adulor lenio

487 981 85 26 tribuo imꝑtior

650 986 50 20 prestolor

137 1006 68 21 accipio eligor

217 1007 37 21 c̃sentio

287 1009 40 20 diuido

88 1011 676 43 .or. Sortior Assentio Partior Exceptis gradior et morior ⁊ patior quę se

430 1010 75 21 uado ã bulo

535 1011 43 22 intereo

637 1012 89 19 poenã sustineo

88 1033 88 29 .s. coniugationis

288 1033 42 25 nascor

397 1035 94 27 fruor & possideo

88 1045 656 43 tertię correptę solius orior autẽ ⁊ potior tã tertię quã quartę quosdã

88 1067 66 22 idẽ ẽ & mođ

88 1071 658 39 modos habent * In .uor. quoq desinentia primitiua tertię st̃ ut fruor -eris

666 1066 109 33 utor inde frum̃tũ

88 1095 98 23 Sequor -eris

190 1096 90 22 loquor -eris

329 1099 293 24 liquor sequor  ñ est ibi .u. uocalis ideo dsicit hoc

87 1113 662 42 liquor. Quorũ pesteriora ad consonantiũ regulã ꝑtinere uidere & inquor de

203 1111 28 13 luo?

273 1112 48 15 ÷ loquor

621 1102 27 27 nt᷑

684 1100 67 25 .s. non in .uer.

173 1129 60 24 .s. uiderent᷑

83 1144 671 45 sinentium. uerborũ habere p̃teritũ Vt locuts sũ Secutus sũ ⁊ cetera : Consonan

20 489 51 19 ut nauis na

20 494 48 28 ago lrtis li

18 508 52 30 ngo Remigo

20 528 49 22 rumigo Miti

20 542 35 25 go

19 550 49 29 lic& sit du

20 570 50 25 plex termi

20 581 52 26 natio illud

21 598 48 22 tamen debe

19 606 52 25 mus addere

18 621 59 27 ut om̃s ambi

15 633 62 30 guitas tollat᷑

18 655 58 24 sc ʜ om̃is su

35 671 30 11 ratio

18 668 61 27 periore ista sic̃

14 682 65 30 *eimus illo

14 699 68 28 obseruando .s.

15 716 57 24 * alit̃ ÷

20 734 60 23 seruando :

19 749 61 23 uaduas ter

22 764 62 25 minationes ht̃

25 782 60 22 pręsens indica

14 791 69 24 tiui ÷ .o. ł .tor.

12 802 67 27 debemus dif

13 812 81 31 ferentiã facere

10 832 73 22 *r ambiguitas

14 838 84 31 tollat᷑ ÷ debemꝰ

21 862 62 24 iure qualia s̃

20 880 66 23 [il]la in .o. ⁊ qua

21 894 60 24 *a illa in .or.

20 909 71 25 utrũ sint uni

19 925 63 23 *is significationis

19 938 53 26 ut coniugatio

19 953 64 30 Nis an NoN

21 973 58 22 aferius tam̃

24 989 53 20 post istã c̃

24 1005 54 21 seruetunẽ ad

21 1014 58 29 ditur hoc qđ

20 1034 57 28 dicit fiÑ

21 1051 60 29 * ÷ Illa quę

31 1068 46 23 sequitur

30 1072 55 34 semꝑ post

31 1095 49 28 actiuã sig

31 1110 46 25 nificatio

36 1129 43 20 nẽ qđ est

35 1139 41 24 passiua

34 1153 49 26 deponens

34 1164 66 26 enim uerbũ

31 1180 74 23 quãuis habent

29 1193 79 27 formã passiuã c̃

26 1209 71 26 n tam̃ hab& sig

27 1224 72 21 nificationẽ : 

29 1235 80 25 deponentia maxi

28 1250 74 20 me hñt actiuã

27 1257 78 34 significationẽ

767 88 162 30 Hic notatur  illa uerba

768 112 161 26 quę seruant genitiuũ nõis se

769 127 156 27 diriuata a nominib; Vt Turba

772 146 159 20 Turbę Turbo -as ⁊rł .S. nisi fu

771 155 177 27 erint tertię coniugationis ut sribo

772 171 158 13 scribis Scrib& scrib& ⁊rł

772 178 158 21 * Vt fluctus fluctuo Aestus

771 194 183 28 Aestuo Sinus Sinuo et insinuo

779 209 145 25 Vt albus albico debilis

772 239 169 43 latrocinor Febris Febricito

777 224 167 25 debilito Pullus Pullulo Latro

856 51 39 39 84

126 1179 619 36 Idẽ est genus & significatio in uerbo : Mutato uero genere : mutatur significatio simul cũ coniugatione

127 1198 633 37  sicut aliud genus uerbi ẽ deponens quã passiuum sic & alia significationem habet deponens uerbũ quã passiuã

128 1207 542 41 deponens enim maxime habet actiuam significationes : Passiuum uero : passiuũ

131 1226 621 39 Idem ÷ liquor & liquo liquas ⁊ liqueo Vnde liquesco; Meta inde metor -aris ÷ termino & me

125 1243 750 28 tior metiris ÷ mensuro meto tamen metis primitiuũ est ⁊ facit preteritũ messiũ Vnde & mere dicunt᷑ : cumuli annone

127 1257 792 34 inter utor et fruor ut ait augustinus talls ÷ differentia utimur terrenis fruimur cęlestib; Sed nunc c̃funduNT inuicem :

129 1270 585 29 Frum̃ enĩ est eminens pars gutturis qua uescimur Idẽ est & rum̃. Vnde et ruminare dicimus

126 1282 624 29 Priscianus de significatione : Sunt quędã uerba quę tã actiua quã passiua uoce unũ atq idẽ signf̃ :

867 1281 45 23 Nc̃ hic

125 1294 824 47 ut mereo ⁊ mertor ⁊rł : Mereor enĩ qđ est passiuũ accipit᷑ ꝓ merito : ⁊ facit pt̃m merui : qđo tamen deponens sigñf lugeo ⁊ fac̃ ptm̃

786 1308 190 37 mestus sũ Vnde merentes ÷ tristes

777 1146 172 29 Regula uniformis est quę ad

780 1163 175 25 unã formã coniugationis tantũ

781 1180 127 32 ꝑtin& ÷ ad primam
