3000 4212
1751 216 260 64 quia disillaba st̃

254 234 1857 149 licet in .eo. desinentia secundę deberent esse tamen primę sunt. Eo quoq et queo

805 313 597 93 s. et nisi hoc qđ nec in .io. desinentia

1505 307 260 76 ÷ non possunt eẽ

257 345 1854 152 quartę sunt coniugationis. Nec in .io. desinentia. cuius cũq sint coniugationis minus trib;

254 433 1880 149 sillabis esse non possunt. Notatis primę ꝗdem hio -as et pio -as. Quartę uero fio fis, sci

254 524 1880 155 o scis, & interdũ cio cis : Vnde componit᷑ excio excis excire qđ etiã et cieo cies scđę coniu

266 612 1869 155 gatinonis inuenitur. Reliquas terminationes uerborũ consonantib; pręcedentib; ꝑ ordinem

263 726 1130 128 in sequenti libello tam̃ contẽplabimur. EXPLICIT

500 799 1646 149 IN BO ET IN BOR DESINENTIA QUECVMQUE VOCALI SEV

272 905 1866 128 consenante precedente primę sunt coniugationis. Vt libo -as, ꝓbo -as, orbo as, Titubo -as,

269 993 1866 120 cubo -as, Excubo -as, Subo -as, cõpositũ a sub et cubo : sed ꝑ sincopã dempta media sillaba

266 1081 1907 149 Horatius in eppodo : iãq subando. Excipiunt᷑ pauca quę ad tertiam coniugationem ꝑueniunt.

275 1177 1918 137 A ꝗdem antecedente longa unũ deponens inuenitur. Vt labor laberis Vnde labitur unc

272 1277 1907 125 ta uadis abies aput urgiliũ in libro eneiđ .VIII. legimus. A quo ⁊ participiũ lapsus fit :

281 1365 1924 137 Quamuis sub eodẽ sensu etiã primę coniugationis. actiuũ ł neutrũ inuenitur . antecedente

287 1453 1945 125 .a. sed breui ut labo -as. Vnde in libro .IIͦ. eneidos uirgłs dixit : Labat ariete crebro ianua

292 1543 1921 140 Excipitur scaberet . etiã qđ tertia ꝑsonę. In ꝑfecti temporis subiunctiui modi ÷ quandã

298 1631 1872 140 spetiẽ seruans in .Iͦ. libro ap̃ horatiũ sermonũ reperitur ut sępe caput scaberet uiuos

292 1716 1933 137 et roderet ungues : Notauimus etiã quasi tertię coniugationis : Licet nullũ eius aliũ motũ

290 1804 1907 146 apud aliquẽ interĩ cognouimus nisi infinitiuũ scabere. ap̃ menipeũ uarronem in catino qđ ue

301 1907 1886 123 nire a positione uerbi qđ est scabio ł scalpo Vnde scabies nomen ÷ diriuatũ et uerisimile

301 1998 1889 128 potest existimari : .I. uͦ antecedente hęc tantũ sunt tertię coniugationis. Breui qđ ÷ ut bibo

298 2094 1895 117 -bis. et longa uero ut scribo -bis : Itẽ .u. uocali longa antecedente unũ ÷ tertię. Nubo -bis .m.

301 2185 1927 128 uero consonante antecedente duo sunt. Vt lãbo -bis. Vnde uirgłs in .Vͭ ͦ. libro eneiđ dixit

295 2288 1898 108 Lambere flãma comes : Et a uerbo cũbo. qđ simplex in usu non est composita : ut incũbo

298 2378 1927 123 bis ꝓcũbo -bis, accũbo -bis, succũbo -bis. Quorũ primitiuũ sine .m. enuntiat᷑ t/sã simplex

732 2346 32 52 a

295 2478 1921 123 quã cõpositũ sine .m. ꝓlatũ primę coniugationis ẽ : Vt cubo -as, incubo -as, ꝓcubo -as :In .co.

298 2572 1898 111 desinentia uerba primitiua seu diriuatiua quacũq; uocali antecedente primę sunt con

301 2668 1907 105 iugationis : Vt placo -as, uoco -as, neco -as, seco -as, plico -as, mico -as, dimico -as, emico -as, fri

301 2765 1910 84 co -as, dico -as penultima breuis : Cuius futurũ in .Iͦ. libro eneiđ Virgłss posuit ut conubio

301 2833 1916 111 iungã stabili ꝓpriãq; dicabo. Vnde dedico indico abdico cõponuntur ltẽ albico -as Hora

301 2923 1924 125 tius carminũ libro .Iͧ. Haec prata canis albicant prumis : Vellico -as idem sermonũ libro .Iͦ.

278 3035 1933 117 Vellicat absentem demetrias. Claudico -as, duplico -as, eradico -as. Terentius in andria

301 3117 1910 105 Ita me miserã te eradicant territam. Mendico -as, Suffoco -as, Loco -as, Voco -as, qđ pe

298 3210 1913 140 nultimã nõis longam in uerbo corripuut Notat᷑ tertię coniugationis ut qoͧ quo quis

313 3331 1910 134 et qͣ ab eo cõponunt̃ ut decoquo, Pręcoquo, Percoquo, lncoquo, cui uerbo : licet nomen

2463 181 108 128 85
