3000 4171
802 251 1895 114 adhęret coquus tamen non ab eo uerbũ sed a uerbo nomen deduci nomstratũ : In supͣdictis

805 345 1833 128 sufficient existimo. Excipiuntur pauca etiã quę tertię sunt coniugationis

799 451 1898 108 et etiã differentię causa .i. ꝗdẽ uocali longa antecedente ut dico -cis, ÷ narro ut

802 541 1913 111 distet ab eo cuiꝰ breuis .i. antecedit & sensu & coniugatione et tẽpore. Vnde merito

799 635 1883 114 suis respondent primitiuis. ab utroq; cõposita. Edico -cis, bredico -cis : Longitudi

1930 612 213 67 ualde dico

2223 618 161 58 antedico

808 729 1845 117 nẽ primitiui seruans tertię est prtm̃ ꝑfectũ in .xi. fatiens ut prędixi qđ grece

808 805 240 67 ł ΠΡΕ ÷ p̃dico

802 829 1907 111 ΠΡΟΛΕΓΟ monstrat : Predico autẽ -cas, itẽ breuitatẽ primitiui seruans. primę ẽ

802 919 1872 114 preteritũ ꝑfectũ tempus in .aui. fatiens ut prędicaui qđ grece ΚΕΡΙCΕΩ significat :

799 1007 1866 111 Et indico tamen indicis longa .i. antecedente. Vt apud uirgłm libro .Iͦ. Diuũ tẽplis in

793 1101 1886 99 dicit honorem : Apud eundem lib̶ .VII. Hoc et tũ ęneadis indicere bella latinus : Ex quo

796 1189 1901 117 ꝑfectũ indixi fit Vt lucanus libro .IIͦ. indixitq nefas : quã indicas ut apud horatiũ li

788 1286 1901 111 b̶ .I. carminũ. Metabula sacer uotiua paries indicat . liuida suspendisse potenti maris

788 1382 1895 108 dõ uestimenta et ap̃ . Ouidiũ in .XI. libro metamorphoseon om̃a seruauit lapidis color

796 1464 1880 120 indicat illud. Ap̃ eundẽ in libro .XII. Cornua fronte gerit quẽ uobis indicat auctor. Ex quo

793 1570 1901 108 ꝑfectũ fit indicatiui : Duco quoq .u. longa antecedente tã in simplicitate . quã in om̃ib; cõ

793 1658 1921 102 positionib; tertię coniugationis ẽ : Vt abduco -cis, adduco -cis. Subduco -cis. lnduco -cis, Educo

791 1734 1916 111 cis. Extra hoc in una tantũ cõpositione Educo .u. breui ꝓferitur : differentię causa signi

793 1831 1910 123 ficans nutrio et tũ solũ primę est conuigations. ⁊ ut apud uirgłm in libro .X. Quattuor

796 1927 1880 99 hic iuuenes totidẽ quos educat ufens. Tamen uidetur . Educo -cas uerbũ ratio

799 2015 1866 114 nabilius anõe deducdũ uerbali qđ ÷ dux -cis iure coniugationis pͥmę

793 2106 1910 134 eẽ ut tẽpus etiã nominis in penultima uerbi seruatũ signf̃t . Consonante

793 2206 1883 134 quoq; quacumq; antecedente absq s. in .co. finita uerba primę s̃. coniu

799 2279 1895 152 gationis : Vt pecco -as, seco -as, calco -as, sulco -as, mulco -as, trun

802 2378 1939 143 co -as, Lucanus in libro .VͦI. cęsorũ. Truncare cadauera regũ Ex quo componit᷑ obtrun

796 2487 1924 125 co -as Sic etiã in ęsco -as. qđ Terentius in adelphis ponit : Nescis mescare sannio :

796 2569 1918 134 Sane pͥmę coniugationis ÷ : Lic& .s. habeat ante .co.  a noẽ esca deductũ tã nõis

793 2660 1936 146 scripturã in uerbo quã regulã a nomine diriuatiuatiuorũ uerborũ : Notant᷑ tertię

796 2753 1933 137 Vinco -cis & abeo cõposita. conuinco -cis, deuinco -cis : Parto quoq; qđ solũ .R. ante .co. ha

791 2838 1918 143 bens ẽ tertię coniugationis : .S. uero antecedente siquidẽ st̃ inchoatiua tertię st̃ coniu

791 2917 1907 164 gationis sine dubio ceu p̃dictũ est : Vt horresco, timesco, tepesco, calesco, erubesco : Quę ñ

793 3026 1895 152 solũ a uerbis. scđę coniugationis sed etiã a labo -as qđ ÷ primę coniugationis lacasco & lic&

791 3102 1930 149 raro a nõib; etiã dirĩuata inueniunt᷑  Vt uesperasco iuuenisco, Glisco, Cresco, et siñ sint

2267 3099 117 55 cresco

785 3202 1901 158 tamen inchoatiua .s. ante .co. habentia si non a nõb; diriuant᷑ tertię st̃ simłt. Vt pasco

776 3304 1930 190 -is paui, cresco -is, creui cõpeso -cis cõpescui, disco -cis didici, Assuesco -is asueui, Posco
