3000 4215
237 234 1954 155 -is poposci, quiesco quieui : Vnde nom̃ diriuatũ quies qui&is, qđ inquieto -as, uerbũ primę

228 333 1954 155 coniugationis facit rationabiliter. sillabis genitiui nominis. respondens. Prędicta

234 439 1942 143 autẽ uerba non eẽ inhcoatiua pręteritũ ꝑfectũ tempꝰ ostendit : In .esco. uero

225 524 1986 161 .cas. ut non inchoatiuũ nec primitiuũ sed a nõe esca deductũ iure pͥmę coniugationis

421 559 93 58 ł nec

234 618 1930 152 In .cor. desinentia uniuscũq sint generis ł significationis nisi .as. ł .es. ł .is. ante .cor.

638 626 143 70 ł cuius

225 729 1989 143 inueniat᷑ primę sunt coniugationis quacũq uocali seu consonante antecedente :

234 823 2012 146 ut precor -aris, Suspicor -aris, Ludificor -aris, Iocor -aris, Mercor -aris, Grecor

237 925 2000 128 -aris. Horatius in scđo libro sermonũ : Velut si romana fatig& militia assuetũ

240 1004 1980 143 grecari : Bachor quoq bacharis. Vt uirgilius in libro quarto eneiđ. Ba

234 1101 1986 140 chatur : Qualis commotis excita sacris. Stomachor -aris. Vt terentius in eu

234 1195 1992 134 nucho. et quidem adueniens mecũ stomachabor : Modo licet inchor aspira

234 1283 1968 140 tũ desinunt ut et nominib; Bacha stomacus diriuata tam̃ huic regulę sunt in

673 1341 38 2 a

234 1382 1962 143 putanda. Et ad primã iure ꝑueniunt coniugatonẽ a sat̃ uel .es. uel .is. añ .cor.

237 1479 1954 125 inuenta etiã si a nominib; deducant᷑ sine dubio tertię sunt ut dictũ est c̃iu

246 1564 1936 149 gat̃ : Vt nascor irascor uescor ulciscor paciscor cũ miniscor adipiscor

246 1666 1954 125 obliuiscor exꝑgiscor Nanciscoe. In .do. desinentia uerba uocali p̃cedente siqͥ

243 1751 1986 134 dem sint a nominib; diriuata regula generali subiacebt̃ prime coniugationi

237 1839 1986 134 uerborũ. Vt sedes assedo -as, nudas nudo -as, fedus -is, fedo -as, tardus tardo -as,

243 1936 1965 140 heres -is, exheredo -as, cicerõ pro sexto roscio exheredare filiũ pat̃ cogitabat

243 2036 2018 128 lapis lapido -as, ex quo componit᷑. Delapido terentius in formione dic̃ Priusquã

243 2135 2027 123 delapidet stringit nr̃as animas. Fraus fraudo -as, laus laudo -as, .cor. cõcordo

237 2229 1989 131 -as. udus udo -as, et ab eo uidet᷑ quasi subudo per sincopã : Sudo -as uerbũ factũ

249 2320 1962 123 unde sudor Nom̃ diriuat᷑ : inde at̃ desinentia nec a nomimnib; deducta natura

246 2419 1930 128 lit̃ longa uel breui syllaba antecedente tertię sunt coniugationis : Vt.

246 2513 1954 125 uado -is, inuado -is, rado -is, cedo -is : Incedo, pedo -is, oratius sermonem lib̶ .i. dic̃

1125 2510 152 73 ambulo

1318 2507 354 73 Obscenũ sonum emitto

351 2601 290 64 fracra ł disrupta

251 2604 1959 140 Nã displosa sonat quantũ uesica pepedi : Fido fidis, strido stridis, ledo -is, illido

246 2715 1957 120 -is, occido -is, incido -is, quę a cędo & ledo composita longitudinẽ digtongi obserua

251 2797 2033 123 uer̃ : Itẽ rodo -is, ꝓdo -is, ludo -is, cudo -is. Terentius nec argentũ cudo excudo -is,

246 2885 1933 134 ꝓcudo -dis Virgilius libro pͥmo ęneidos ac primã scilicis scintillã excudit acħates :

263 2985 1907 134 Itẽ in libro .IIͭIͦI. excudunt .allii spirantiã mollius era : Itẽ georgicon libro .i. du

251 3087 1939 114 rũ ꝓcudit arator : Vomeris obtonsi dentẽ cauat arbore lintres. Trudo -is, Detrũ

1866 3046 410 96 includo impingo ł pello

257 3169 1939 128 do -is, obtrudo -is, et rudo -is cuius aput ꝑsiũ legimꝰ infinitiuũ rudere. Findor

785 3166 117 52 ÷ sono

1042 3164 146 61 s. ẽ Rudo

260 3269 1954 140 ut archadie pecuaria rudere credas ab eo uenire potest. qđ crudo -is : ut est

635 3251 166 64 pecunia

1289 3254 527 82 s. hoc qđ inferius ponit ꝑ exẽpla

272 3351 383 58 iudicari existimare

263 3380 1957 161 suspicari ex participio eius quo uirgilius utit᷑ in libro tertio ęneidos pͥmusq

993 3363 108 67 s. ũbo

20 2332 184 96 intercedo ÷

8 2393 166 96 copostũ a

17 2437 152 90 [c]ędo qđ ÷

20 2499 140 84 [l]ocũ do ÷

11 2554 190 84 peruenio

17 2607 178 82 []cedo tã ÷

11 2654 158 64 ꝓpinquo

20 2692 149 84 [] pximo ÷

11 2753 202 70 []positũ a cedo

17 2812 178 76 []ambulo :

17 2865 175 67 []ado tam̃ ÷

20 2920 172 64 positũ a ce

20 2953 175 76 o qđ est int̃

23 3002 76 76 cio :

23 3073 161 87 iudicꝰ ꝓpͥe

23 3105 178 105 []as morũ est

23 3175 196 93 sicuti rugitꝰ

23 3251 131 61 leonu :

2554 131 105 143 86
