1024 1439
81.0 80.0 667.0 53.0 -is poposci, quiesco quieui : Vnde nom̃ diriuatũ quies qui&is, qđ inquieto -as, uerbũ primę

78.0 114.0 667.0 53.0 coniugationis facit rationabiliter. sillabis genitiui nominis. respondens. Prędicta

80.0 150.0 663.0 49.0 autẽ uerba non eẽ inhcoatiua pręteritũ ꝑfectũ tempꝰ ostendit : In .esco. uero

77.0 179.0 678.0 55.0 .cas. ut non inchoatiuũ nec primitiuũ sed a nõe esca deductũ iure pͥmę coniugationis

144.0 191.0 32.0 20.0 ł nec

80.0 211.0 659.0 52.0 In .cor. desinentia uniuscũq sint generis ł significationis nisi .as. ł .es. ł .is. ante .cor.

218.0 214.0 49.0 24.0 ł cuius

77.0 249.0 679.0 49.0 inueniat᷑ primę sunt coniugationis quacũq uocali seu consonante antecedente :

80.0 281.0 687.0 50.0 ut precor -aris, Suspicor -aris, Ludificor -aris, Iocor -aris, Mercor -aris, Grecor

81.0 316.0 683.0 44.0 -aris. Horatius in scđo libro sermonũ : Velut si romana fatig& militia assuetũ

82.0 343.0 676.0 49.0 grecari : Bachor quoq bacharis. Vt uirgilius in libro quarto eneiđ. Ba

80.0 376.0 678.0 48.0 chatur : Qualis commotis excita sacris. Stomachor -aris. Vt terentius in eu

80.0 408.0 680.0 46.0 nucho. et quidem adueniens mecũ stomachabor : Modo licet inchor aspira

80.0 438.0 672.0 48.0 tũ desinunt ut et nominib; Bacha stomacus diriuata tam̃ huic regulę sunt in

230.0 458.0 13.0 1.0 a

80.0 472.0 670.0 49.0 putanda. Et ad primã iure ꝑueniunt coniugatonẽ a sat̃ uel .es. uel .is. añ .cor.

81.0 505.0 667.0 43.0 inuenta etiã si a nominib; deducant᷑ sine dubio tertię sunt ut dictũ est c̃iu

84.0 534.0 661.0 51.0 gat̃ : Vt nascor irascor uescor ulciscor paciscor cũ miniscor adipiscor

84.0 569.0 667.0 43.0 obliuiscor exꝑgiscor Nanciscoe. In .do. desinentia uerba uocali p̃cedente siqͥ

83.0 598.0 678.0 46.0 dem sint a nominib; diriuata regula generali subiacebt̃ prime coniugationi

81.0 628.0 678.0 46.0 uerborũ. Vt sedes assedo -as, nudas nudo -as, fedus -is, fedo -as, tardus tardo -as,

83.0 661.0 671.0 48.0 heres -is, exheredo -as, cicerõ pro sexto roscio exheredare filiũ pat̃ cogitabat

83.0 695.0 689.0 44.0 lapis lapido -as, ex quo componit᷑. Delapido terentius in formione dic̃ Priusquã

83.0 729.0 692.0 42.0 delapidet stringit nr̃as animas. Fraus fraudo -as, laus laudo -as, .cor. cõcordo

81.0 761.0 679.0 45.0 -as. udus udo -as, et ab eo uidet᷑ quasi subudo per sincopã : Sudo -as uerbũ factũ

85.0 792.0 670.0 42.0 unde sudor Nom̃ diriuat᷑ : inde at̃ desinentia nec a nomimnib; deducta natura

84.0 826.0 659.0 44.0 lit̃ longa uel breui syllaba antecedente tertię sunt coniugationis : Vt.

84.0 858.0 667.0 43.0 uado -is, inuado -is, rado -is, cedo -is : Incedo, pedo -is, oratius sermonem lib̶ .i. dic̃

384.0 857.0 52.0 25.0 ambulo

450.0 856.0 121.0 25.0 Obscenũ sonum emitto

120.0 888.0 99.0 22.0 fracra ł disrupta

86.0 889.0 669.0 48.0 Nã displosa sonat quantũ uesica pepedi : Fido fidis, strido stridis, ledo -is, illido

84.0 927.0 668.0 41.0 -is, occido -is, incido -is, quę a cędo & ledo composita longitudinẽ digtongi obserua

86.0 955.0 694.0 42.0 uer̃ : Itẽ rodo -is, ꝓdo -is, ludo -is, cudo -is. Terentius nec argentũ cudo excudo -is,

84.0 985.0 660.0 46.0 ꝓcudo -dis Virgilius libro pͥmo ęneidos ac primã scilicis scintillã excudit acħates :

90.0 1019.0 651.0 46.0 Itẽ in libro .IIͭIͦI. excudunt .allii spirantiã mollius era : Itẽ georgicon libro .i. du

86.0 1054.0 662.0 39.0 rũ ꝓcudit arator : Vomeris obtonsi dentẽ cauat arbore lintres. Trudo -is, Detrũ

637.0 1040.0 140.0 33.0 includo impingo ł pello

88.0 1082.0 662.0 44.0 do -is, obtrudo -is, et rudo -is cuius aput ꝑsiũ legimꝰ infinitiuũ rudere. Findor

268.0 1081.0 40.0 18.0 ÷ sono

356.0 1080.0 50.0 21.0 s. ẽ Rudo

89.0 1116.0 667.0 48.0 ut archadie pecuaria rudere credas ab eo uenire potest. qđ crudo -is : ut est

217.0 1110.0 57.0 22.0 pecunia

440.0 1111.0 180.0 28.0 s. hoc qđ inferius ponit ꝑ exẽpla

93.0 1144.0 131.0 20.0 iudicari existimare

90.0 1154.0 668.0 55.0 suspicari ex participio eius quo uirgilius utit᷑ in libro tertio ęneidos pͥmusq

339.0 1148.0 37.0 23.0 s. ũbo

7.0 796.0 63.0 33.0 intercedo ÷

3.0 817.0 57.0 33.0 copostũ a

6.0 832.0 52.0 31.0 [c]ędo qđ ÷

7.0 853.0 48.0 29.0 [l]ocũ do ÷

4.0 872.0 65.0 29.0 peruenio

6.0 890.0 61.0 28.0 []cedo tã ÷

4.0 906.0 54.0 22.0 ꝓpinquo

7.0 919.0 51.0 29.0 [] pximo ÷

4.0 940.0 69.0 24.0 []positũ a cedo

6.0 960.0 61.0 26.0 []ambulo :

6.0 978.0 60.0 23.0 []ado tam̃ ÷

7.0 997.0 59.0 22.0 positũ a ce

7.0 1008.0 60.0 26.0 o qđ est int̃

8.0 1025.0 26.0 26.0 cio :

8.0 1049.0 55.0 30.0 iudicꝰ ꝓpͥe

8.0 1060.0 61.0 36.0 []as morũ est

8.0 1084.0 67.0 32.0 sicuti rugitꝰ

8.0 1110.0 45.0 21.0 leonu :

872.0 45.0 36.0 49.0 86
