3000 4256
231 254 1845 202 Cuius plurale horatius sermonũ libro .I. refert : Cõmuni sensu plane car& lnqͥ

231 380 1839 169 mus; & imperatiuũ terrentius in phormione : tum autẽ filiũ uideo patrem

231 489 1880 152 ab sese amittere inuitũ inque; sequor sequeris, loquor : Liquor deponens

237 585 1863 161 prima sillaba ꝓducta ut uirgłs in libro georgicon : uere nouo gelidus canis cũ

231 673 1869 140 montib; humor liquitur & Zephiro putris se glebam resoluit : Quãuis ne

228 767 1898 140 utrũ siueactiuũ primę coniugationis inuenitur : prima tamen sillaba cor

228 855 1877 161 repta : liquo liquas, eliquo eliquas : Lucanꝰ lib̶ .VII. excussit cristas galeis.

228 952 1921 149 capulosq; solutos ꝓfudit gladiis arreptaq; pila liquauit : persius : philladas

858 966 158 61 ł gladius

231 1054 1898 146 ipsiphilas uanũ aut plorabile siquid eliquat ac tenera supplantat uerba pa

609 1051 249 64 ł ꝓbabile

228 1139 1945 155 lato : Ouidius fastorũ lib̶ .IIII. Nec pigeat tritũ nigro cũ lacte papauer : sumere :

225 1236 1933 128 & exp̃ssis mella liquata fauis : Cũ uero sint a nominib; tunc iure primę sunt :

219 1344 1916 140 ut ęquus et ęquo ęquas, ꝓpinquus ꝓpinquo ꝓpinquas, obliquus obliquo -as. An

219 1438 1954 146 tiquus antiquo antiquas, aqua aquor aquaris uirgłs in .IIII. libro georgicon :

210 1526 1930 125 sed circũ tute sub moenib; urbis aquant᷑ : In .ro. desinentia .e. anteceden

216 1617 1892 134 te : omã primę sunt coniugationis : Vt libero liberas, lacero, desidero,

219 1713 1916 134 blatero Horatius lib̶ semonũ .II. magno blateras clamore : itero iteras

216 1804 1904 120 Itẽ lib̶ .I. carminũ : Nunc retrorsũ uela dare. atq; iterare currus cogor relictos :

219 1898 1930 111 Excipiunt᷑ pauca primitiua & quę ab eis singulis cõponuntur : tertię sunt con

231 1980 1916 143 iugationis ut gero gers, digero, aggero, unde aggeritur tumulo tellus

219 2077 1945 140 in lib̶ .II. ęneidos uirgili legimus : Ex quo uerbo nomen fit agger & ab eo

219 2176 1954 140 uerbũ diriuat᷑ aggero aggeras primę coniugationis : ut idẽ uirgłs refert

219 2279 1907 125 in lib̶ .X. eneiđ : aggerat & longo p̃dã uib& ordine duci : Itẽ tero teris,

222 2370 1954 117 detero, ꝓtero, sero, itẽ seris ex quo componunt᷑ insero, desero, ꝓsero, dissero.

222 2469 1971 111 Nam obsero obseras, iure primę coniugationis a nomine idẽ hęc sera huiꝰ

225 2566 1936 120 serę & ab eo resero cõpositũ est : Queror itẽ deponens est correpta

231 2660 1933 105 peneultima quereris : fero etiã qđ licet anomalũ ẽ : tertię tamen esse

225 2753 1930 123 conugationis ex quibusdã eius motib; ostendit᷑ : & ab eo similiter diri

222 2865 1936 93 uata : ut infero, suffero, ꝑfero, uociferor autẽ qđ ẽ a fero & morigeror

832 2827 164 61 ł ꝓfero

225 2938 1916 105 qđ ẽ a gero cõpositum quia cũ nominib; cõponunt᷑ iure primę sunt coniu

228 3029 1933 120 gationis uerboꝵ : obseruandũ tamen est qđ uerba quę superius ut tertię sint

225 3125 1962 120 coniugationis uerboꝵ notauimus : om̃a disillaba sunt : quod in aliis .e. ante .ro.

228 3210 1936 128 habentib raro repperit᷑ : et quacũq; alia uocali antecedente .ro. sillabam :

231 3313 1998 128 similiter uerba sunt primę coniugationis : ut aro, paro, spero, spiro, delibero,

228 3416 2006 152 uoro, ploro, roboro : Horatius carminũ libro .IIII : Rectiq cultus pectora roborant

55 1523 140 143 IN RO

84 1716 96 84 consi

58 1778 117 67 dero.

55 1825 143 70 umero

73 1875 105 73 [g]gero

55 1918 137 79 unero

58 1980 114 67 enero.

52 2015 140 114 []pero

2455 178 87 146 89
