3000 4291
875 260 1866 166 laboro, obscuro instauro, inauro, figuro : Horatius epistolarũ libro .V. Oste

864 377 1889 161 nerũ pueri balbũq; poeta figurat : Exceptis uro uris & quęro actiuũ quęris :

858 486 1898 137 Ex quo cõposita lic& .ae. diptongũ .in .i. longã conuertant. coniugationẽ

855 585 1889 140 tamen seruant ut inquro inquiris : Lucanus libro .VII. inquire in fata ne

858 676 1921 125 fandi cęsaris : Conquiro conquiris : consonante etiã quacũq; antecedente :

858 773 1921 123 primę sunt ut celebro celebras, consecro, obsecro, quadro. migro, latro,

852 873 1916 125 lustro, narro, erro : Notant᷑ tertię : Curro curris, uerro : Statius thebaiđ

849 960 1910 111 libro .VII. Stat dubiũ coetus soleant cibos in morẽ fallere & incultos aris ad

864 1072 1863 96 uerrere crines : in .ror. desinentia deponentia uel cõmunia primę sunt

852 1163 1877 114 coniugationis ut exeror, morigeror, feneror, miror, odoror, moror,

858 1242 1907 111 Furor, lucror, excepto, queror, ut ante dictũ ÷ tertię : ln .so. simliter

840 1344 1945 140 primę sunt quę diriuatiua sunt : Nã uel a nominib; pleraq; diriuant᷑

840 1447 1889 125 ł certẽ frequentatiua s; ut lasso lassas, penso, spisso, denso : qđ  &

837 1535 1965 125 denseo scđẽ coniugationis in .eo. terminatum. lic& raro lectum in ue

837 1634 1892 120 nitur; ut extulit in .I. libro georgicon uirgłs denset erantq rara

837 1728 1930 114 modo & quę densa relaxat Idẽ in .XII. libro aeneidos : uos unanimi

837 1822 1892 108 densete cateruas : Cuius infinitiuũ salustius historiarũ libro .II.

840 1910 1913 120 refert: ille festinat subsidiis principes augere & densere fontẽ Con

837 2009 1983 114 uasso conuassas : terrentius in formione, aliqud conuassẽ Accuso acusas

840 2106 1930 120 merso, curso, cesso : Excipiunt᷑ accerso, lacesso, facesso, capesso, incesso :

829 2206 1918 120 Cuius infinitiuũ uirgłs .XII. lib̶ dixit : Incessi muros ignesq; ad tecta

2613 2267 152 61 uerbũ

837 2305 1904 105 uolare : Statius quoq; in lib̶ thebaiđ extulit eius actiuum ł neutrale

832 2387 1927 117 infinitiuu : Hanc etiã poenis incessere gentẽ decretũ ÷ : ldẽ in

840 2478 1901 114 libro .III. Nec tua cara fides Nec falsa incessere gaude cuius idem

843 2581 1948 108 imperatiuũ lib̶ .XI. solũq qđ ante uocasti inuideo net incesse mores :

840 2666 1959 125 Lic& in eodẽ lib̶ participiũ quasi frequentatiuũ ut a prima coniugati

837 2762 1933 131 one ueniens lectũ ẽ : tecta incessantem : Viso quoq; uisis e& pinso

849 2856 1927 128 pinsis, tertię coniugationis sunt : ut ꝑsius o uane a t̃go quẽ nulla

846 2944 1942 128 ciconia pinsit : et defectiuũ queso quesis cuius infinitiuũ quesere

840 3032 1930 137 salustius in primo posuit historiarũ libro : in .sor. desinentia deponen

843 3128 1930 137 tia ł cõmunia similiter primę sunt coniugationis : causor, cõmissor

849 3216 1880 152 grassor, uersor, auersor, aduersor, conuersor, diuersor. Lic& a

852 3316 1901 149 uerto uertis ł uertor uerteris simplici qđ ẽ tertię coniugationis

849 3427 1854 149 componuntur : tamen at deponentia primę sunt coniugationis :

641 1025 166 161 IN ROR

752 1224 64 161 SO

583 3052 213 143 IN SOR
