<?xml version="1.0" encoding="UTF-8"?>
<alto xmlns:xsi="http://www.w3.org/2001/XMLSchema-instance"
      xmlns="http://www.loc.gov/standards/alto/ns-v4#"
      xsi:schemaLocation="http://www.loc.gov/standards/alto/ns-v4# http://www.loc.gov/standards/alto/v4/alto-4-2.xsd">
  <Description>
    <MeasurementUnit>pixel</MeasurementUnit>
    <sourceImageInformation>
      <fileName>f89v.JPEG</fileName>
      <fileIdentifier>zip//LAT7499_GT.zip/f89v.JPEG</fileIdentifier>
    </sourceImageInformation>
  </Description>
  
  <Tags>
    <OtherTag ID="BT5749" LABEL="NumberingZone" DESCRIPTION="block type NumberingZone"/><OtherTag ID="BT5748" LABEL="MarginTextZone" DESCRIPTION="block type MarginTextZone"/><OtherTag ID="BT5747" LABEL="MainZone" DESCRIPTION="block type MainZone"/><OtherTag ID="BT4" LABEL="Illustration" DESCRIPTION="block type Illustration"/><OtherTag ID="BT3" LABEL="Commentary" DESCRIPTION="block type Commentary"/><OtherTag ID="BT2" LABEL="Main" DESCRIPTION="block type Main"/><OtherTag ID="BT1" LABEL="Title" DESCRIPTION="block type Title"/>
    <OtherTag ID="LT1980" LABEL="InterlinearLine" DESCRIPTION="line type InterlinearLine"/><OtherTag ID="LT1979" LABEL="DefaultLine" DESCRIPTION="line type DefaultLine"/>
  </Tags>
  
  <Layout>
    <Page WIDTH="1024"
          HEIGHT="1465"
          PHYSICAL_IMG_NR="10"
          ID="eSc_dummypage_">
      <PrintSpace HPOS="0"
                  VPOS="0"
                  WIDTH="1024"
                  HEIGHT="1465">
        
        <TextBlock HPOS="272.0"
                   VPOS="85.0"
                   WIDTH="688.0"
                   HEIGHT="1143.0"
                   ID="eSc_textblock_cb92cb9b"
                   TAGREFS="BT5747">
          <Shape><Polygon POINTS="274 85 272 1228 956 1218 960 85"/></Shape>
          
          
          <TextLine ID="eSc_line_5403e364"
                    TAGREFS="LT1979"
                    BASELINE="299 110 536 118 691 127 936 127" 
                    HPOS="299.0"
                    VPOS="89.0"
                    WIDTH="637.0"
                    HEIGHT="57.0">
            <Shape><Polygon POINTS="933 112 925 112 917 111 909 111 901 111 892 110 884 110 876 109 868 109 866 109 865 109 854 110 851 109 848 109 844 109 836 108 828 108 820 107 812 107 804 107 799 106 796 107 795 107 792 106 787 106 779 105 778 106 774 109 695 108 680 103 675 101 673 101 665 101 657 100 649 100 647 101 637 105 599 100 599 100 575 104 568 99 568 99 567 99 566 99 565 99 547 103 538 97 537 96 536 96 535 96 516 95 511 95 503 95 499 94 485 96 454 98 448 94 446 92 445 92 444 92 443 92 442 92 437 94 428 96 424 93 421 91 420 91 420 91 384 91 383 91 377 91 351 97 333 90 332 90 332 90 301 89 299 90 299 110 299 127 412 126 422 131 424 132 424 132 425 132 430 131 454 127 475 132 476 132 476 132 477 132 485 129 490 133 492 135 493 135 494 135 494 135 495 135 498 134 512 129 570 135 571 135 572 135 583 131 588 136 590 138 590 139 591 139 592 139 764 143 765 143 765 143 770 141 784 137 794 142 797 144 798 144 799 144 812 143 857 139 891 144 892 144 914 139 933 146 936 127 936 112 933 112 933 112"/></Shape>
	    <String CONTENT="laboro, obscuro instauro, inauro, figuro : Horatius epistolarũ libro .V. Oste"
                    HPOS="299.0"
                    VPOS="89.0"
                    WIDTH="637.0"
                    HEIGHT="57.0"></String>
          </TextLine>

          
          
          <TextLine ID="eSc_line_cca48639"
                    TAGREFS="LT1979"
                    BASELINE="296 152 940 167" 
                    HPOS="295.0"
                    VPOS="129.0"
                    WIDTH="645.0"
                    HEIGHT="55.0">
            <Shape><Polygon POINTS="296 152 295 162 330 170 331 170 389 165 398 165 444 166 446 166 464 174 465 174 466 174 494 168 498 167 503 168 533 175 533 175 560 170 561 170 563 170 576 174 577 174 577 174 599 171 607 176 608 176 608 176 609 176 610 176 622 172 633 178 634 178 634 178 660 173 687 178 688 178 689 178 700 174 703 172 712 174 730 177 730 177 746 174 753 174 757 175 772 181 773 181 774 182 808 182 808 181 809 181 818 177 822 175 833 177 855 180 856 180 870 178 877 177 883 179 905 184 905 184 906 184 939 179 940 167 938 144 906 151 892 144 891 144 890 144 861 149 848 143 848 143 847 143 846 143 844 143 815 148 787 142 770 139 770 139 747 142 713 146 612 144 604 139 599 137 599 137 598 137 568 139 536 142 530 139 525 135 525 135 524 135 523 135 522 135 512 139 507 140 505 139 496 132 495 132 494 132 431 131 400 131 399 131 398 131 383 137 381 138 379 137 364 129 363 129 363 129 296 135 296 152"/></Shape>
	    <String CONTENT="nerũ pueri balbũq; poeta figurat : Exceptis uro uris &amp; quęro actiuũ quęris :"
                    HPOS="295.0"
                    VPOS="129.0"
                    WIDTH="645.0"
                    HEIGHT="55.0"></String>
          </TextLine>

          
          
          <TextLine ID="eSc_line_f28ad79d"
                    TAGREFS="LT1979"
                    BASELINE="294 186 492 188 679 195 941 196" 
                    HPOS="293.0"
                    VPOS="166.0"
                    WIDTH="648.0"
                    HEIGHT="47.0">
            <Shape><Polygon POINTS="294 186 293 201 305 203 306 203 306 203 307 203 310 201 318 196 328 201 339 205 340 205 341 205 341 205 350 201 357 197 373 201 389 205 389 205 390 205 391 205 401 201 410 198 495 198 532 201 534 203 541 208 542 208 542 208 543 208 570 204 577 209 577 209 578 209 698 210 699 211 727 211 727 210 728 210 747 204 750 203 754 204 764 208 765 208 765 208 793 205 806 203 821 205 880 213 881 213 927 212 928 212 940 205 941 196 941 181 880 181 875 179 853 173 853 173 852 173 851 173 842 178 805 178 683 178 677 174 669 170 668 170 667 170 666 170 656 174 646 177 637 174 628 170 627 170 595 170 594 170 593 170 592 170 589 172 583 176 559 171 543 169 542 169 530 170 518 173 513 170 508 168 507 168 480 168 479 168 478 168 474 170 461 174 399 168 385 166 384 166 376 167 345 172 326 166 324 166 323 166 294 166 294 186"/></Shape>
	    <String CONTENT="Ex quo cõposita lic&amp; .ae. diptongũ .in .i. longã conuertant. coniugationẽ"
                    HPOS="293.0"
                    VPOS="166.0"
                    WIDTH="648.0"
                    HEIGHT="47.0"></String>
          </TextLine>

          
          
          <TextLine ID="eSc_line_3af1d80c"
                    TAGREFS="LT1979"
                    BASELINE="293 220 636 231 937 232" 
                    HPOS="292.0"
                    VPOS="200.0"
                    WIDTH="645.0"
                    HEIGHT="48.0">
            <Shape><Polygon POINTS="293 220 292 231 306 236 307 236 308 236 309 236 321 232 386 237 387 237 388 237 401 233 402 233 402 233 428 239 429 239 473 235 502 241 503 241 503 241 504 241 512 236 567 243 691 245 691 245 757 240 831 248 832 248 833 248 844 243 853 247 854 247 855 247 936 243 937 232 937 217 863 211 862 211 862 211 855 214 851 217 817 217 793 213 771 209 770 209 753 212 731 214 721 210 713 208 713 208 712 208 711 208 703 210 690 214 650 214 644 209 642 206 641 206 640 206 639 206 623 208 598 211 525 206 525 206 490 209 484 205 483 205 482 205 481 205 481 205 468 209 403 209 386 202 385 201 384 201 383 201 378 201 336 206 320 200 319 200 318 200 293 200 293 220"/></Shape>
	    <String CONTENT="tamen seruant ut inquro inquiris : Lucanus libro .VII. inquire in fata ne"
                    HPOS="292.0"
                    VPOS="200.0"
                    WIDTH="645.0"
                    HEIGHT="48.0"></String>
          </TextLine>

          
          
          <TextLine ID="eSc_line_89f42e90"
                    TAGREFS="LT1979"
                    BASELINE="294 250 689 259 949 258" 
                    HPOS="293.0"
                    VPOS="231.0"
                    WIDTH="656.0"
                    HEIGHT="43.0">
            <Shape><Polygon POINTS="294 250 293 261 375 269 376 269 397 266 470 270 471 270 498 265 540 271 541 271 577 266 639 272 640 272 673 267 714 274 715 274 948 270 949 258 947 242 924 244 904 241 886 238 885 238 884 238 883 238 880 240 876 244 870 240 864 238 863 238 862 238 862 238 857 240 853 242 811 240 802 240 801 240 799 240 774 244 759 239 752 237 752 237 751 237 741 239 719 243 684 238 681 238 680 238 679 238 678 238 667 242 482 240 447 235 422 231 421 231 294 232 294 250"/></Shape>
	    <String CONTENT="fandi cęsaris : Conquiro conquiris : consonante etiã quacũq; antecedente :"
                    HPOS="293.0"
                    VPOS="231.0"
                    WIDTH="656.0"
                    HEIGHT="43.0"></String>
          </TextLine>

          
          
          <TextLine ID="eSc_line_0e111212"
                    TAGREFS="LT1979"
                    BASELINE="293 286 949 293" 
                    HPOS="293.0"
                    VPOS="264.0"
                    WIDTH="656.0"
                    HEIGHT="42.0">
            <Shape><Polygon POINTS="947 276 918 270 918 270 868 274 857 269 857 269 856 269 804 274 755 271 754 271 729 275 726 275 726 275 714 269 713 269 713 269 712 269 697 275 696 275 621 275 602 274 602 273 593 266 592 266 591 266 556 266 555 266 520 272 511 266 510 266 509 266 476 266 476 266 475 266 474 266 466 272 465 272 463 272 430 266 429 266 389 271 385 271 384 271 374 264 373 264 372 264 371 264 371 264 354 271 293 271 293 286 293 301 351 302 352 302 353 302 357 301 374 297 391 301 392 301 393 301 393 301 394 301 395 301 408 297 535 297 554 302 568 305 568 305 583 302 596 300 607 302 617 305 618 305 619 305 631 302 643 300 648 302 655 306 656 306 656 306 679 302 688 301 694 302 708 306 708 306 709 306 948 303 949 293 948 285 947 276"/></Shape>
	    <String CONTENT="primę sunt ut celebro celebras, consecro, obsecro, quadro. migro, latro,"
                    HPOS="293.0"
                    VPOS="264.0"
                    WIDTH="656.0"
                    HEIGHT="42.0"></String>
          </TextLine>

          
          
          <TextLine ID="eSc_line_60839b39"
                    TAGREFS="LT1979"
                    BASELINE="292 319 945 327" 
                    HPOS="291.0"
                    VPOS="298.0"
                    WIDTH="654.0"
                    HEIGHT="43.0">
            <Shape><Polygon POINTS="292 319 291 327 303 333 304 333 305 333 341 329 395 335 396 335 487 331 496 335 497 335 498 335 538 332 589 337 590 337 590 337 591 337 596 333 618 338 619 338 747 334 774 340 775 340 854 337 879 341 879 341 944 336 945 327 944 310 897 305 896 305 895 305 881 309 874 311 832 311 824 308 811 304 810 304 809 304 809 304 800 308 796 310 769 310 753 307 722 302 721 302 701 307 692 309 629 309 607 306 552 300 521 300 520 300 520 300 511 305 509 306 497 305 422 298 421 298 389 304 380 305 292 303 292 319"/></Shape>
	    <String CONTENT="lustro, narro, erro : Notant᷑ tertię : Curro curris, uerro : Statius thebaiđ"
                    HPOS="291.0"
                    VPOS="298.0"
                    WIDTH="654.0"
                    HEIGHT="43.0"></String>
          </TextLine>

          
          
          <TextLine ID="eSc_line_282856fc"
                    TAGREFS="LT1979"
                    BASELINE="291 353 468 351 942 356" 
                    HPOS="290.0"
                    VPOS="328.0"
                    WIDTH="652.0"
                    HEIGHT="38.0">
            <Shape><Polygon POINTS="291 353 290 361 940 366 942 356 940 333 870 337 864 333 863 333 862 333 825 333 824 333 788 338 745 332 744 332 743 332 743 332 734 339 652 339 640 332 639 332 638 332 638 332 637 332 621 338 574 338 565 331 564 331 564 331 563 331 494 336 485 330 484 330 483 330 433 330 433 330 432 330 409 336 401 329 400 329 399 329 398 329 385 329 384 329 383 329 382 329 371 336 326 336 317 329 316 329 315 329 291 328 291 353"/></Shape>
	    <String CONTENT="libro .VII. Stat dubiũ coetus soleant cibos in morẽ fallere &amp; incultos aris ad"
                    HPOS="290.0"
                    VPOS="328.0"
                    WIDTH="652.0"
                    HEIGHT="38.0"></String>
          </TextLine>

          
          
          <TextLine ID="eSc_line_4a7f5d84"
                    TAGREFS="LT1979"
                    BASELINE="297 384 932 389" 
                    HPOS="295.0"
                    VPOS="366.0"
                    WIDTH="636.0"
                    HEIGHT="33.0">
            <Shape><Polygon POINTS="296 383 295 395 928 399 931 388 929 368 296 366 296 383"/></Shape>
	    <String CONTENT="uerrere crines : in .ror. desinentia deponentia uel cõmunia primę sunt"
                    HPOS="295.0"
                    VPOS="366.0"
                    WIDTH="636.0"
                    HEIGHT="33.0"></String>
          </TextLine>

          
          
          <TextLine ID="eSc_line_6025114f"
                    TAGREFS="LT1979"
                    BASELINE="291 417 932 422" 
                    HPOS="291.0"
                    VPOS="397.0"
                    WIDTH="641.0"
                    HEIGHT="39.0">
            <Shape><Polygon POINTS="291 417 291 430 475 428 577 431 661 434 662 434 663 434 669 432 675 429 686 432 699 434 700 434 700 434 708 432 713 429 716 432 717 433 718 433 719 433 747 435 748 435 748 435 756 432 760 430 778 432 812 435 813 435 813 435 821 432 825 430 831 432 844 436 844 436 845 436 932 432 932 422 931 405 834 407 830 404 827 402 827 401 826 401 825 401 809 401 808 401 807 401 806 401 802 404 796 406 679 406 673 403 666 400 665 400 665 400 664 400 657 403 653 406 617 406 595 402 570 399 569 399 413 402 404 402 403 402 386 397 385 397 385 397 291 401 291 417"/></Shape>
	    <String CONTENT="coniugationis ut exeror, morigeror, feneror, miror, odoror, moror,"
                    HPOS="291.0"
                    VPOS="397.0"
                    WIDTH="641.0"
                    HEIGHT="39.0"></String>
          </TextLine>

          
          
          <TextLine ID="eSc_line_044ed6e6"
                    TAGREFS="LT1979"
                    BASELINE="295 450 945 448" 
                    HPOS="293.0"
                    VPOS="424.0"
                    WIDTH="651.0"
                    HEIGHT="38.0">
            <Shape><Polygon POINTS="294 449 294 460 942 462 944 446 940 424 293 424 294 449"/></Shape>
	    <String CONTENT="Furor, lucror, excepto, queror, ut ante dictũ ÷ tertię : ln .so. simliter"
                    HPOS="293.0"
                    VPOS="424.0"
                    WIDTH="651.0"
                    HEIGHT="38.0"></String>
          </TextLine>

          
          
          <TextLine ID="eSc_line_8a7eb32b"
                    TAGREFS="LT1979"
                    BASELINE="288 484 951 491" 
                    HPOS="287.0"
                    VPOS="459.0"
                    WIDTH="664.0"
                    HEIGHT="48.0">
            <Shape><Polygon POINTS="288 484 287 496 319 501 319 501 353 497 354 497 363 501 363 501 364 501 365 501 378 497 386 494 394 497 407 502 408 502 444 502 445 502 446 502 464 498 472 495 485 498 512 502 512 502 542 498 554 496 565 498 601 504 602 504 649 498 656 498 713 498 713 498 724 503 725 503 726 503 755 498 758 498 759 498 772 506 773 506 808 507 809 507 835 502 848 507 848 507 849 507 850 507 851 507 861 499 862 499 949 499 951 491 950 472 906 472 905 471 899 466 898 466 897 466 897 466 896 466 880 470 878 471 835 471 835 470 823 465 822 465 822 465 783 469 782 469 781 469 775 464 774 464 774 464 773 464 772 464 764 468 730 463 729 463 695 468 692 468 691 468 686 463 685 463 684 463 683 463 663 467 641 463 603 463 603 463 602 463 592 467 590 467 582 467 553 463 552 463 519 466 510 467 507 466 498 461 497 461 451 461 450 461 450 461 449 461 442 465 441 466 436 465 415 460 373 460 372 460 371 460 371 460 366 464 363 465 311 465 309 463 301 459 300 459 299 459 298 459 288 463 288 484"/></Shape>
	    <String CONTENT="primę sunt quę diriuatiua sunt : Nã uel a nominib; pleraq; diriuant᷑"
                    HPOS="287.0"
                    VPOS="459.0"
                    WIDTH="664.0"
                    HEIGHT="48.0"></String>
          </TextLine>

          
          
          <TextLine ID="eSc_line_6b653ba5"
                    TAGREFS="LT1979"
                    BASELINE="288 517 932 522" 
                    HPOS="287.0"
                    VPOS="494.0"
                    WIDTH="645.0"
                    HEIGHT="43.0">
            <Shape><Polygon POINTS="288 517 287 526 317 533 318 533 394 528 412 533 413 533 414 534 487 534 487 533 488 533 489 533 494 529 504 534 505 534 506 534 507 534 520 529 534 534 535 534 536 534 586 529 609 535 610 535 611 536 647 536 647 535 647 535 648 535 656 530 704 535 704 535 705 535 717 530 757 530 763 536 764 536 765 536 765 536 818 531 827 537 828 537 829 537 830 537 905 537 905 537 931 531 932 522 931 499 901 499 900 499 899 499 898 499 890 506 802 498 801 498 800 498 782 505 700 505 687 498 687 498 641 498 640 498 614 503 598 497 597 497 596 497 595 497 568 504 503 504 445 498 444 498 443 498 442 498 435 503 404 503 395 495 394 495 393 495 393 495 328 502 320 496 319 496 319 496 288 494 288 517"/></Shape>
	    <String CONTENT="ł certẽ frequentatiua s; ut lasso lassas, penso, spisso, denso : qđ  &amp;"
                    HPOS="287.0"
                    VPOS="494.0"
                    WIDTH="645.0"
                    HEIGHT="43.0"></String>
          </TextLine>

          
          
          <TextLine ID="eSc_line_889f935f"
                    TAGREFS="LT1979"
                    BASELINE="287 546 957 550" 
                    HPOS="286.0"
                    VPOS="524.0"
                    WIDTH="671.0"
                    HEIGHT="43.0">
            <Shape><Polygon POINTS="287 546 286 555 355 556 356 557 365 563 366 563 367 563 367 563 411 558 420 557 422 558 431 564 432 564 433 564 433 564 506 559 533 558 547 560 577 564 577 564 606 561 623 559 627 561 630 564 631 564 632 564 633 564 648 561 652 561 660 562 693 565 694 565 708 563 722 559 752 563 771 565 772 565 790 564 811 562 818 564 822 566 823 566 824 567 896 567 896 566 901 565 930 560 955 566 957 550 956 532 862 534 855 530 853 529 852 529 851 529 850 529 842 530 824 534 812 530 805 527 804 527 803 527 790 529 774 533 762 529 756 527 755 527 754 527 753 527 748 529 739 534 691 534 682 529 682 529 681 529 680 529 678 529 652 533 634 528 628 526 627 526 626 526 613 528 578 533 573 529 572 529 571 529 570 529 548 532 522 527 517 526 453 525 452 525 448 526 423 532 410 525 407 524 406 524 406 524 389 525 319 529 287 524 287 546"/></Shape>
	    <String CONTENT="denseo scđẽ coniugationis in .eo. terminatum. lic&amp; raro lectum in ue"
                    HPOS="286.0"
                    VPOS="524.0"
                    WIDTH="671.0"
                    HEIGHT="43.0"></String>
          </TextLine>

          
          
          <TextLine ID="eSc_line_9270933d"
                    TAGREFS="LT1979"
                    BASELINE="287 579 932 582" 
                    HPOS="286.0"
                    VPOS="558.0"
                    WIDTH="646.0"
                    HEIGHT="41.0">
            <Shape><Polygon POINTS="287 579 286 588 336 590 345 597 346 597 347 597 348 597 349 597 364 590 389 590 456 590 456 590 466 598 467 598 468 598 468 599 498 599 498 598 498 598 499 598 510 590 511 590 512 590 529 598 529 598 652 599 653 599 654 599 655 599 662 594 690 594 713 599 713 599 714 599 725 593 727 591 730 593 735 597 735 597 736 597 737 597 738 597 752 593 757 592 760 593 770 597 770 597 771 597 800 594 813 592 821 594 842 599 843 599 844 599 932 594 932 582 932 568 809 568 806 566 795 560 794 560 793 560 769 566 764 567 762 566 755 559 754 559 753 559 713 559 713 559 712 559 697 565 691 568 610 568 560 567 554 563 547 559 547 559 546 559 545 559 512 562 511 562 509 562 439 558 438 558 437 558 430 561 421 565 408 561 404 559 403 559 402 559 402 559 398 560 385 565 367 560 362 559 361 559 360 559 359 559 358 559 357 560 348 565 329 561 328 561 328 561 319 565 287 559 287 579"/></Shape>
	    <String CONTENT="nitur; ut extulit in .I. libro georgicon uirgłs denset erantq rara"
                    HPOS="286.0"
                    VPOS="558.0"
                    WIDTH="646.0"
                    HEIGHT="41.0"></String>
          </TextLine>

          
          
          <TextLine ID="eSc_line_40a7f735"
                    TAGREFS="LT1979"
                    BASELINE="287 609 945 613" 
                    HPOS="286.0"
                    VPOS="590.0"
                    WIDTH="659.0"
                    HEIGHT="39.0">
            <Shape><Polygon POINTS="287 609 286 619 367 620 377 626 378 626 379 626 380 626 443 621 451 627 452 627 453 627 551 628 552 628 553 628 554 628 562 622 583 628 584 628 585 628 629 622 633 622 677 622 677 623 689 629 690 629 691 629 720 629 720 629 721 629 722 629 729 623 730 623 732 623 760 627 761 627 782 624 786 623 787 624 793 629 794 629 795 629 813 629 814 629 864 625 872 624 876 625 895 629 896 629 897 629 944 625 945 613 944 599 845 599 844 598 827 592 826 592 825 592 824 592 813 596 809 591 808 591 807 591 806 591 733 592 732 592 731 592 725 597 722 597 685 591 684 591 654 596 586 592 586 592 555 596 551 596 548 596 522 590 521 590 463 594 431 590 430 590 429 590 419 595 418 595 406 595 298 590 297 590 297 590 287 594 287 609"/></Shape>
	    <String CONTENT="modo &amp; quę densa relaxat Idẽ in .XII. libro aeneidos : uos unanimi"
                    HPOS="286.0"
                    VPOS="590.0"
                    WIDTH="659.0"
                    HEIGHT="39.0"></String>
          </TextLine>

          
          
          <TextLine ID="eSc_line_12c1a461"
                    TAGREFS="LT1979"
                    BASELINE="287 641 932 644" 
                    HPOS="286.0"
                    VPOS="622.0"
                    WIDTH="646.0"
                    HEIGHT="37.0">
            <Shape><Polygon POINTS="287 641 286 651 295 655 296 655 297 655 297 655 315 651 350 655 350 655 351 655 360 651 365 651 441 651 442 651 451 657 452 657 453 657 454 657 679 653 695 658 695 658 770 659 771 659 932 653 932 644 931 623 901 628 879 623 878 623 877 623 876 623 833 628 779 623 770 622 769 622 760 623 726 626 673 623 657 622 656 622 651 623 628 627 592 623 582 622 582 622 581 622 577 623 565 626 551 623 546 622 545 622 538 623 518 626 287 624 287 641"/></Shape>
	    <String CONTENT="densete cateruas : Cuius infinitiuũ salustius historiarũ libro .II."
                    HPOS="286.0"
                    VPOS="622.0"
                    WIDTH="646.0"
                    HEIGHT="37.0"></String>
          </TextLine>

          
          
          <TextLine ID="eSc_line_07a85727"
                    TAGREFS="LT1979"
                    BASELINE="288 674 940 676" 
                    HPOS="287.0"
                    VPOS="652.0"
                    WIDTH="653.0"
                    HEIGHT="41.0">
            <Shape><Polygon POINTS="287 685 315 691 316 691 317 691 329 686 338 690 339 690 340 690 341 690 353 686 360 691 361 691 362 691 363 691 363 691 379 686 411 691 411 691 412 691 431 686 485 686 485 686 492 690 493 690 494 690 494 690 550 686 552 686 561 691 562 691 563 691 614 692 615 692 645 688 656 692 656 692 657 693 732 693 732 692 733 692 751 686 776 692 777 692 837 688 854 692 855 692 856 692 857 692 876 686 939 686 940 676 937 656 928 659 921 656 913 653 912 653 911 653 910 653 903 656 895 660 864 660 857 655 850 653 849 653 848 653 824 655 797 660 682 660 664 655 655 654 654 654 641 655 614 659 592 655 582 654 582 654 581 654 576 655 568 657 564 655 560 652 559 652 558 652 557 652 540 655 527 657 522 655 517 653 516 653 516 653 478 655 449 656 446 655 442 652 441 652 441 652 440 652 439 652 433 655 428 656 427 655 424 652 423 652 422 652 310 652 309 652 308 652 301 655 293 657 289 655 288 674 287 685"/></Shape>
	    <String CONTENT="refert: ille festinat subsidiis principes augere &amp; densere fontẽ Con"
                    HPOS="287.0"
                    VPOS="652.0"
                    WIDTH="653.0"
                    HEIGHT="41.0"></String>
          </TextLine>

          
          
          <TextLine ID="eSc_line_c0f60a96"
                    TAGREFS="LT1979"
                    BASELINE="287 707 963 705" 
                    HPOS="286.0"
                    VPOS="686.0"
                    WIDTH="677.0"
                    HEIGHT="39.0">
            <Shape><Polygon POINTS="962 699 959 691 923 691 923 690 916 686 915 686 914 686 914 686 913 686 912 686 906 690 906 691 872 691 871 690 846 686 845 686 823 690 822 691 717 691 717 690 707 686 706 686 705 686 684 690 682 690 680 690 666 686 665 686 665 686 577 690 576 690 570 686 569 686 568 686 568 686 567 686 556 690 554 690 552 690 543 686 542 686 542 686 541 686 540 686 535 690 533 691 529 690 520 686 519 686 518 686 517 686 505 690 500 691 477 690 424 686 424 686 402 690 396 690 390 690 371 686 371 686 286 689 287 707 288 725 303 717 419 717 428 723 431 725 432 725 433 725 433 725 434 725 438 723 452 717 480 722 485 723 485 723 486 723 487 723 488 722 493 719 498 722 500 724 501 724 502 724 503 724 516 722 541 718 558 721 574 725 575 725 671 724 672 724 679 720 684 717 693 720 706 724 707 724 708 725 841 725 841 724 842 724 853 718 863 723 864 723 865 723 866 723 879 718 879 717 881 717 892 723 892 723 893 723 894 723 895 723 904 717 905 717 916 717 951 721 952 721 953 721 963 717 963 705 962 701 962 699"/></Shape>
	    <String CONTENT="uasso conuassas : terrentius in formione, aliqud conuassẽ Accuso acusas"
                    HPOS="286.0"
                    VPOS="686.0"
                    WIDTH="677.0"
                    HEIGHT="39.0"></String>
          </TextLine>

          
          
          <TextLine ID="eSc_line_0de512ae"
                    TAGREFS="LT1979"
                    BASELINE="288 739 603 743 946 741" 
                    HPOS="287.0"
                    VPOS="719.0"
                    WIDTH="659.0"
                    HEIGHT="41.0">
            <Shape><Polygon POINTS="288 739 287 751 448 759 449 760 570 760 570 759 571 759 592 753 593 753 596 753 695 760 696 760 731 754 736 753 741 754 761 758 762 758 786 754 793 753 799 754 820 760 821 760 822 760 822 760 833 755 835 753 902 753 908 755 922 760 923 760 923 760 945 755 946 741 944 721 889 725 883 721 883 721 882 721 825 721 824 721 823 721 802 726 787 721 787 721 786 721 785 721 757 727 724 727 713 721 712 721 711 721 709 721 673 725 665 721 665 720 664 720 663 720 662 720 656 721 625 726 592 726 582 721 580 720 579 720 578 720 572 721 547 726 497 726 481 721 476 720 476 720 475 720 474 720 473 720 472 721 464 725 412 725 406 721 404 719 403 719 402 719 377 719 376 719 376 719 375 719 372 721 366 725 288 721 288 739"/></Shape>
	    <String CONTENT="merso, curso, cesso : Excipiunt᷑ accerso, lacesso, facesso, capesso, incesso :"
                    HPOS="287.0"
                    VPOS="719.0"
                    WIDTH="659.0"
                    HEIGHT="41.0"></String>
          </TextLine>

          
          
          <TextLine ID="eSc_line_a0e2c752"
                    TAGREFS="LT1979"
                    BASELINE="285 772 882 776 939 775" 
                    HPOS="283.0"
                    VPOS="753.0"
                    WIDTH="655.0"
                    HEIGHT="41.0">
            <Shape><Polygon POINTS="284 771 283 789 349 784 378 791 387 792 388 792 389 792 391 792 392 791 403 784 437 791 450 792 452 792 481 789 531 786 543 789 554 793 555 793 557 793 558 793 575 789 588 786 593 789 599 793 601 793 602 793 603 793 669 788 694 787 703 788 739 794 740 794 778 787 783 787 786 787 812 794 813 794 815 794 816 794 829 787 830 787 849 794 850 794 851 794 852 794 870 787 871 787 893 787 894 786 906 786 918 787 937 787 938 774 934 753 284 753 284 771"/></Shape>
	    <String CONTENT="Cuius infinitiuũ uirgłs .XII. lib̶ dixit : Incessi muros ignesq; ad tecta"
                    HPOS="283.0"
                    VPOS="753.0"
                    WIDTH="655.0"
                    HEIGHT="41.0"></String>
          </TextLine>

          
          
          <TextLine ID="eSc_line_0cbbe076"
                    TAGREFS="LT1980"
                    BASELINE="894 788 945 792" 
                    HPOS="892.0"
                    VPOS="774.0"
                    WIDTH="52.0"
                    HEIGHT="21.0">
            <Shape><Polygon POINTS="917 775 905 775 893 775 893 787 892 795 943 794 944 791 943 775 929 774 929 775"/></Shape>
	    <String CONTENT="uerbũ"
                    HPOS="892.0"
                    VPOS="774.0"
                    WIDTH="52.0"
                    HEIGHT="21.0"></String>
          </TextLine>

          
          
          <TextLine ID="eSc_line_4e2f6471"
                    TAGREFS="LT1979"
                    BASELINE="287 808 936 806" 
                    HPOS="286.0"
                    VPOS="787.0"
                    WIDTH="650.0"
                    HEIGHT="36.0">
            <Shape><Polygon POINTS="287 808 287 818 405 818 406 818 428 823 428 823 578 819 599 823 600 823 661 817 671 817 680 817 721 822 722 822 936 816 936 806 934 791 853 792 852 791 846 787 845 787 844 787 829 787 828 787 827 787 818 791 816 793 730 793 730 792 718 787 717 787 717 787 716 787 704 791 698 787 697 787 696 787 626 787 625 787 625 787 624 787 617 792 611 787 610 787 609 787 608 787 553 793 551 793 549 793 520 787 520 787 519 787 518 787 509 793 508 794 483 794 415 794 376 787 375 787 345 793 303 787 302 787 301 787 286 793 287 808"/></Shape>
	    <String CONTENT="uolare : Statius quoq; in lib̶ thebaiđ extulit eius actiuum ł neutrale"
                    HPOS="286.0"
                    VPOS="787.0"
                    WIDTH="650.0"
                    HEIGHT="36.0"></String>
          </TextLine>

          
          
          <TextLine ID="eSc_line_aba83209"
                    TAGREFS="LT1979"
                    BASELINE="285 837 582 839 942 835" 
                    HPOS="284.0"
                    VPOS="815.0"
                    WIDTH="658.0"
                    HEIGHT="40.0">
            <Shape><Polygon POINTS="285 837 285 849 335 849 336 849 344 855 345 855 345 855 346 855 370 849 372 849 375 849 394 855 395 855 396 855 476 849 488 849 492 849 516 854 516 855 618 855 618 854 619 854 620 854 627 849 628 849 643 849 726 853 726 853 750 849 764 848 777 849 795 852 796 852 810 849 825 847 857 847 864 849 870 852 871 852 872 852 887 849 901 847 941 849 942 835 941 820 931 815 930 815 844 815 843 815 842 815 833 820 828 822 823 820 811 815 810 815 809 815 809 815 798 820 793 822 788 820 778 816 777 816 776 816 775 816 774 816 768 820 762 824 736 824 730 820 725 817 724 817 723 817 722 817 722 817 708 820 696 824 625 825 542 825 533 821 525 817 524 817 523 817 504 817 503 817 503 817 498 821 493 824 466 821 463 821 462 821 460 821 441 825 434 821 429 817 428 817 428 817 427 817 426 817 415 821 402 825 368 824 363 821 357 817 356 817 355 817 284 821 285 837"/></Shape>
	    <String CONTENT="infinitiuu : Hanc etiã poenis incessere gentẽ decretũ ÷ : ldẽ in"
                    HPOS="284.0"
                    VPOS="815.0"
                    WIDTH="658.0"
                    HEIGHT="40.0"></String>
          </TextLine>

          
          
          <TextLine ID="eSc_line_e8997294"
                    TAGREFS="LT1979"
                    BASELINE="288 872 681 872 936 866" 
                    HPOS="287.0"
                    VPOS="846.0"
                    WIDTH="649.0"
                    HEIGHT="39.0">
            <Shape><Polygon POINTS="288 872 288 884 778 885 778 885 818 879 821 879 822 879 868 884 869 884 870 884 884 879 935 878 936 866 934 849 811 846 810 846 809 846 796 850 777 856 662 856 641 851 633 849 632 849 631 849 630 849 629 851 621 856 599 851 596 851 595 851 595 851 594 851 583 856 574 851 567 848 566 848 533 848 533 848 532 848 523 852 510 857 437 857 422 852 412 849 411 849 411 849 410 849 404 852 393 857 350 853 350 853 349 853 341 857 332 852 323 849 323 849 322 849 287 852 288 872"/></Shape>
	    <String CONTENT="libro .III. Nec tua cara fides Nec falsa incessere gaude cuius idem"
                    HPOS="287.0"
                    VPOS="846.0"
                    WIDTH="649.0"
                    HEIGHT="39.0"></String>
          </TextLine>

          
          
          <TextLine ID="eSc_line_d0ceb221"
                    TAGREFS="LT1979"
                    BASELINE="288 905 673 907 953 903" 
                    HPOS="288.0"
                    VPOS="881.0"
                    WIDTH="665.0"
                    HEIGHT="37.0">
            <Shape><Polygon POINTS="288 918 952 917 953 903 951 883 907 881 906 881 897 883 879 887 870 883 867 882 866 882 866 882 865 882 864 882 863 883 857 887 829 887 801 883 790 881 789 881 788 881 787 881 785 883 776 888 760 888 741 883 735 881 734 881 733 881 724 883 697 888 582 888 560 882 555 881 554 881 553 881 552 881 549 882 534 887 527 882 526 881 525 881 525 881 488 881 487 881 486 881 482 882 460 887 449 882 446 881 446 881 414 881 413 881 412 881 409 882 389 888 323 888 288 882 288 905 288 918"/></Shape>
	    <String CONTENT="imperatiuũ lib̶ .XI. solũq qđ ante uocasti inuideo net incesse mores :"
                    HPOS="288.0"
                    VPOS="881.0"
                    WIDTH="665.0"
                    HEIGHT="37.0"></String>
          </TextLine>

          
          
          <TextLine ID="eSc_line_b9367132"
                    TAGREFS="LT1979"
                    BASELINE="288 936 956 930" 
                    HPOS="287.0"
                    VPOS="910.0"
                    WIDTH="669.0"
                    HEIGHT="43.0">
            <Shape><Polygon POINTS="288 936 288 953 302 948 350 948 359 952 360 952 361 952 362 952 376 947 422 951 443 953 444 953 459 950 485 946 503 949 515 952 516 952 536 948 546 948 571 948 645 950 646 950 662 946 669 945 673 946 691 950 691 950 692 950 709 945 711 945 717 949 717 949 718 949 719 949 745 945 755 949 756 949 757 949 828 948 867 943 873 942 878 942 925 948 926 948 927 948 927 948 936 941 956 940 956 930 953 910 940 915 888 911 875 910 875 910 862 911 787 918 761 913 757 912 756 912 755 912 752 913 735 918 719 914 718 914 717 914 717 914 698 920 629 920 617 914 616 913 615 913 614 913 603 914 536 921 467 921 455 916 453 915 452 915 389 915 388 915 387 915 380 917 363 922 287 918 288 936"/></Shape>
	    <String CONTENT="Lic&amp; in eodẽ lib̶ participiũ quasi frequentatiuũ ut a prima coniugati"
                    HPOS="287.0"
                    VPOS="910.0"
                    WIDTH="669.0"
                    HEIGHT="43.0"></String>
          </TextLine>

          
          
          <TextLine ID="eSc_line_654208fc"
                    TAGREFS="LT1979"
                    BASELINE="287 969 613 972 946 963" 
                    HPOS="286.0"
                    VPOS="943.0"
                    WIDTH="660.0"
                    HEIGHT="45.0">
            <Shape><Polygon POINTS="287 969 287 980 393 979 393 979 408 987 409 987 410 987 411 987 418 983 424 988 424 988 425 988 426 988 470 988 470 988 503 987 503 987 522 979 543 987 544 987 545 987 573 981 644 986 645 986 646 986 647 986 656 979 671 985 672 985 673 986 713 986 713 985 714 985 742 977 757 984 758 984 759 985 803 985 803 984 804 984 805 984 811 980 845 982 846 982 847 982 848 982 857 975 890 979 891 979 946 974 946 963 944 943 834 944 833 944 832 944 814 953 746 953 731 946 728 945 727 945 726 945 726 945 725 945 723 947 717 951 708 947 707 947 706 947 703 947 652 954 582 954 573 949 570 948 569 948 568 948 563 949 543 954 515 950 487 947 486 947 485 947 472 951 467 953 459 952 439 948 410 948 409 948 408 948 407 948 400 953 398 953 396 953 382 948 381 948 380 948 380 948 379 948 372 953 371 954 360 953 315 948 315 948 286 954 287 969"/></Shape>
	    <String CONTENT="one ueniens lectũ ẽ : tecta incessantem : Viso quoq; uisis e&amp; pinso"
                    HPOS="286.0"
                    VPOS="943.0"
                    WIDTH="660.0"
                    HEIGHT="45.0"></String>
          </TextLine>

          
          
          <TextLine ID="eSc_line_c2a6c2b7"
                    TAGREFS="LT1979"
                    BASELINE="290 1001 630 1002 948 993" 
                    HPOS="290.0"
                    VPOS="975.0"
                    WIDTH="658.0"
                    HEIGHT="44.0">
            <Shape><Polygon POINTS="947 982 933 975 932 975 904 975 903 975 902 975 901 975 893 980 844 975 843 975 762 983 748 984 732 984 730 983 719 977 718 977 717 977 717 977 716 977 708 983 707 983 702 983 685 980 684 980 683 980 676 983 672 984 643 983 597 981 596 981 541 983 490 986 485 983 481 982 481 982 480 982 468 984 462 985 460 984 453 979 452 979 451 979 450 979 450 979 440 984 436 986 419 984 385 980 384 980 383 980 374 984 373 985 290 985 290 1001 291 1019 310 1011 369 1011 380 1018 381 1018 382 1018 383 1018 384 1018 399 1017 459 1010 472 1015 477 1018 478 1018 479 1018 503 1015 525 1012 530 1014 536 1017 537 1017 538 1017 563 1014 575 1012 581 1013 595 1017 595 1017 596 1017 638 1012 646 1011 647 1012 656 1016 657 1016 658 1016 682 1011 687 1010 691 1010 714 1014 715 1014 716 1014 723 1010 725 1010 726 1010 748 1015 748 1015 749 1015 777 1009 786 1007 794 1009 826 1014 827 1014 862 1007 863 1006 947 1005 948 993 947 982"/></Shape>
	    <String CONTENT="pinsis, tertię coniugationis sunt : ut ꝑsius o uane a t̃go quẽ nulla"
                    HPOS="290.0"
                    VPOS="975.0"
                    WIDTH="658.0"
                    HEIGHT="44.0"></String>
          </TextLine>

          
          
          <TextLine ID="eSc_line_2d12be18"
                    TAGREFS="LT1979"
                    BASELINE="290 1028 646 1032 952 1021" 
                    HPOS="289.0"
                    VPOS="1005.0"
                    WIDTH="663.0"
                    HEIGHT="44.0">
            <Shape><Polygon POINTS="290 1028 290 1040 355 1043 367 1049 367 1049 368 1049 369 1049 370 1049 377 1043 409 1048 410 1048 470 1042 494 1047 494 1047 543 1046 544 1046 545 1046 550 1042 568 1046 569 1046 719 1045 756 1037 800 1045 801 1045 802 1045 803 1045 814 1036 815 1036 857 1036 867 1036 883 1042 883 1042 884 1042 885 1042 886 1042 897 1036 897 1036 952 1036 952 1021 951 1011 939 1005 938 1005 914 1005 914 1005 913 1005 902 1010 837 1005 836 1005 835 1005 820 1011 804 1006 803 1006 802 1006 768 1010 762 1006 761 1006 761 1006 760 1006 726 1012 719 1013 717 1012 708 1007 708 1007 707 1007 706 1007 694 1012 691 1014 604 1014 594 1012 570 1009 569 1009 540 1013 523 1014 514 1013 499 1009 498 1009 498 1009 497 1009 496 1009 491 1013 488 1015 461 1015 436 1013 419 1011 418 1011 402 1013 383 1015 378 1013 372 1010 371 1010 371 1010 289 1013 290 1028"/></Shape>
	    <String CONTENT="ciconia pinsit : et defectiuũ queso quesis cuius infinitiuũ quesere"
                    HPOS="289.0"
                    VPOS="1005.0"
                    WIDTH="663.0"
                    HEIGHT="44.0"></String>
          </TextLine>

          
          
          <TextLine ID="eSc_line_56569f1e"
                    TAGREFS="LT1979"
                    BASELINE="288 1065 617 1065 946 1053" 
                    HPOS="287.0"
                    VPOS="1035.0"
                    WIDTH="659.0"
                    HEIGHT="47.0">
            <Shape><Polygon POINTS="288 1065 288 1076 381 1075 384 1076 399 1082 400 1082 401 1082 402 1082 416 1076 469 1081 470 1081 471 1081 481 1075 483 1075 488 1075 507 1079 507 1079 525 1075 531 1074 533 1075 541 1079 542 1079 542 1079 543 1079 555 1075 558 1075 568 1075 616 1078 617 1078 617 1078 618 1078 622 1075 624 1074 644 1075 708 1077 709 1077 747 1074 809 1068 879 1068 892 1073 893 1073 894 1073 895 1073 896 1073 897 1073 905 1067 945 1072 946 1053 945 1037 911 1035 910 1035 910 1035 899 1037 889 1040 876 1038 860 1036 859 1036 858 1036 851 1038 841 1041 825 1039 811 1036 810 1036 790 1039 768 1042 735 1040 707 1038 706 1038 705 1038 704 1038 701 1040 695 1044 645 1041 610 1040 609 1040 608 1040 603 1042 594 1046 562 1046 543 1043 533 1041 533 1041 512 1043 468 1048 427 1045 423 1045 422 1045 421 1045 420 1045 415 1049 394 1045 385 1044 385 1044 376 1045 360 1049 287 1047 288 1065"/></Shape>
	    <String CONTENT="salustius in primo posuit historiarũ libro : in .sor. desinentia deponen"
                    HPOS="287.0"
                    VPOS="1035.0"
                    WIDTH="659.0"
                    HEIGHT="47.0"></String>
          </TextLine>

          
          
          <TextLine ID="eSc_line_a135f691"
                    TAGREFS="LT1979"
                    BASELINE="288 1096 571 1099 947 1086" 
                    HPOS="288.0"
                    VPOS="1068.0"
                    WIDTH="659.0"
                    HEIGHT="47.0">
            <Shape><Polygon POINTS="288 1108 385 1111 386 1111 415 1107 435 1115 436 1115 437 1115 477 1107 513 1114 514 1114 550 1113 551 1113 560 1108 570 1112 571 1112 572 1112 628 1111 629 1111 630 1111 638 1106 648 1110 649 1110 650 1110 714 1110 715 1110 730 1103 798 1108 799 1108 800 1108 833 1099 834 1099 836 1099 894 1103 895 1103 947 1097 947 1086 945 1068 511 1082 487 1075 486 1075 485 1075 485 1075 484 1075 459 1081 446 1077 446 1077 445 1077 310 1081 288 1078 288 1096 288 1108"/></Shape>
	    <String CONTENT="tia ł cõmunia similiter primę sunt coniugationis : causor, cõmissor"
                    HPOS="288.0"
                    VPOS="1068.0"
                    WIDTH="659.0"
                    HEIGHT="47.0"></String>
          </TextLine>

          
          
          <TextLine ID="eSc_line_52dae06f"
                    TAGREFS="LT1979"
                    BASELINE="291 1132 537 1132 932 1117" 
                    HPOS="290.0"
                    VPOS="1098.0"
                    WIDTH="642.0"
                    HEIGHT="52.0">
            <Shape><Polygon POINTS="291 1132 291 1149 382 1142 396 1146 406 1150 406 1150 407 1150 445 1145 450 1145 461 1145 532 1146 533 1146 533 1146 534 1146 539 1142 542 1140 555 1142 559 1142 560 1142 560 1142 562 1142 574 1138 597 1141 621 1144 621 1144 622 1144 638 1140 645 1138 648 1140 653 1142 654 1142 655 1142 744 1141 745 1141 752 1137 761 1132 795 1132 805 1136 805 1136 806 1136 807 1136 808 1136 809 1135 820 1131 833 1134 834 1134 835 1134 869 1129 931 1132 932 1117 930 1104 910 1099 909 1099 885 1105 883 1105 882 1105 870 1098 869 1098 868 1098 815 1102 814 1102 806 1106 805 1106 802 1106 783 1101 783 1101 782 1101 781 1101 780 1101 774 1106 771 1109 744 1110 677 1110 667 1108 660 1106 660 1106 659 1106 658 1106 657 1106 656 1108 651 1112 630 1112 621 1109 613 1106 612 1106 612 1106 582 1110 532 1115 450 1111 415 1110 415 1110 290 1114 291 1132"/></Shape>
	    <String CONTENT="grassor, uersor, auersor, aduersor, conuersor, diuersor. Lic&amp; a"
                    HPOS="290.0"
                    VPOS="1098.0"
                    WIDTH="642.0"
                    HEIGHT="52.0"></String>
          </TextLine>

          
          
          <TextLine ID="eSc_line_9bc61623"
                    TAGREFS="LT1979"
                    BASELINE="292 1161 623 1165 940 1150" 
                    HPOS="291.0"
                    VPOS="1132.0"
                    WIDTH="649.0"
                    HEIGHT="51.0">
            <Shape><Polygon POINTS="292 1161 292 1176 363 1176 380 1182 381 1182 382 1182 445 1178 464 1183 465 1183 466 1183 494 1178 520 1183 521 1183 582 1175 590 1181 591 1181 592 1181 593 1182 628 1182 628 1181 629 1181 644 1174 675 1180 676 1180 677 1180 696 1172 714 1180 715 1180 716 1180 717 1180 739 1172 767 1179 768 1179 862 1177 862 1177 863 1177 876 1167 876 1166 940 1165 940 1150 937 1132 897 1137 839 1135 822 1134 821 1134 813 1135 771 1144 738 1137 730 1136 729 1136 728 1136 727 1136 725 1137 713 1145 689 1144 681 1138 678 1137 678 1137 677 1137 676 1137 675 1137 670 1139 656 1146 459 1149 451 1145 446 1141 446 1141 445 1141 444 1141 443 1141 434 1145 432 1145 412 1145 313 1143 312 1143 311 1143 291 1148 292 1161"/></Shape>
	    <String CONTENT="uerto uertis ł uertor uerteris simplici qđ ẽ tertię coniugationis"
                    HPOS="291.0"
                    VPOS="1132.0"
                    WIDTH="649.0"
                    HEIGHT="51.0"></String>
          </TextLine>

          
          
          <TextLine ID="eSc_line_9d8ac6b4"
                    TAGREFS="LT1979"
                    BASELINE="290 1196 605 1199 923 1186" 
                    HPOS="290.0"
                    VPOS="1170.0"
                    WIDTH="633.0"
                    HEIGHT="51.0">
            <Shape><Polygon POINTS="290 1215 302 1219 303 1219 304 1219 310 1215 315 1213 322 1215 341 1221 341 1221 342 1221 343 1221 344 1221 354 1215 358 1212 376 1215 389 1215 389 1215 402 1214 420 1211 437 1213 494 1220 495 1220 553 1211 555 1211 555 1211 576 1219 577 1219 577 1219 601 1214 611 1218 612 1218 612 1218 708 1217 748 1208 761 1206 800 1206 805 1207 820 1215 821 1215 822 1215 822 1215 855 1206 866 1204 923 1205 923 1186 921 1170 824 1177 810 1173 809 1173 809 1173 808 1173 796 1178 740 1173 739 1173 695 1176 695 1176 694 1176 687 1181 602 1183 573 1183 564 1176 564 1176 563 1176 562 1176 561 1176 539 1183 520 1178 519 1178 518 1178 470 1184 448 1177 447 1177 446 1177 446 1177 426 1184 397 1181 396 1181 372 1185 367 1181 367 1181 366 1181 290 1180 290 1196 290 1215"/></Shape>
	    <String CONTENT="componuntur : tamen at deponentia primę sunt coniugationis :"
                    HPOS="290.0"
                    VPOS="1170.0"
                    WIDTH="633.0"
                    HEIGHT="51.0"></String>
          </TextLine>

          
        </TextBlock>
        
        <TextBlock HPOS="208.0"
                   VPOS="356.0"
                   WIDTH="74.0"
                   HEIGHT="37.0"
                   ID="eSc_textblock_91587b52"
                   TAGREFS="BT5748">
          <Shape><Polygon POINTS="208 356 221 393 278 388 282 356"/></Shape>
          
          
          <TextLine ID="eSc_line_0b4ca074"
                    TAGREFS="LT1979"
                    BASELINE="220 387 277 387" 
                    HPOS="219.0"
                    VPOS="350.0"
                    WIDTH="57.0"
                    HEIGHT="55.0">
            <Shape><Polygon POINTS="219 405 262 397 272 405 276 385 276 354 219 350 219 385"/></Shape>
	    <String CONTENT="IN ROR"
                    HPOS="219.0"
                    VPOS="350.0"
                    WIDTH="57.0"
                    HEIGHT="55.0"></String>
          </TextLine>

          
        </TextBlock>
        
        <TextBlock HPOS="253.0"
                   VPOS="428.0"
                   WIDTH="36.0"
                   HEIGHT="41.0"
                   ID="eSc_textblock_065649b4"
                   TAGREFS="BT5748">
          <Shape><Polygon POINTS="253 428 253 469 289 469 289 428"/></Shape>
          
          
          <TextLine ID="eSc_line_d7fdd428"
                    TAGREFS="LT1979"
                    BASELINE="259 447 280 447" 
                    HPOS="257.0"
                    VPOS="418.0"
                    WIDTH="22.0"
                    HEIGHT="55.0">
            <Shape><Polygon POINTS="257 473 279 471 279 446 277 418 257 424 257 446"/></Shape>
	    <String CONTENT="SO"
                    HPOS="257.0"
                    VPOS="418.0"
                    WIDTH="22.0"
                    HEIGHT="55.0"></String>
          </TextLine>

          
        </TextBlock>
        
        <TextBlock HPOS="187.0"
                   VPOS="1037.0"
                   WIDTH="87.0"
                   HEIGHT="45.0"
                   ID="eSc_textblock_5ec2dac9"
                   TAGREFS="BT5748">
          <Shape><Polygon POINTS="187 1037 187 1082 274 1081 274 1037"/></Shape>
          
          
          <TextLine ID="eSc_line_c5f20628"
                    TAGREFS="LT1979"
                    BASELINE="201 1060 272 1063" 
                    HPOS="199.0"
                    VPOS="1042.0"
                    WIDTH="73.0"
                    HEIGHT="49.0">
            <Shape><Polygon POINTS="202 1051 201 1060 199 1079 209 1084 210 1084 210 1084 219 1082 227 1080 231 1084 236 1089 236 1090 237 1090 238 1090 270 1091 272 1063 272 1042 209 1042 202 1051"/></Shape>
	    <String CONTENT="IN SOR"
                    HPOS="199.0"
                    VPOS="1042.0"
                    WIDTH="73.0"
                    HEIGHT="49.0"></String>
          </TextLine>

          
        </TextBlock>
        

        
      </PrintSpace>
    </Page>
  </Layout>
</alto>
