1024 1425
230.0 79.0 647.0 46.0 car minũ libro .I. bellifluus quã tiberis lauit : Idem sermonũ lib̶ .I. ora manusq tu

228.0 107.0 644.0 44.0 as lauimus pherronia lĩpha : Quod & primę coniugationis inuenitur : Vt iuue

308.0 97.0 103.0 22.0 ailit̃ ferua lĩpha

228.0 134.0 645.0 47.0 nalis lib̶ .I. Nec pueri credunt nisi qui nondũ ęre lauant᷑ : Cuius supinum Horatuis

225.0 168.0 649.0 42.0 lib̶ .I. sermonũ ꝓtulit : Ast ubime fessum sol acriori relauatũ ad monuit : .L. uero

224.0 200.0 647.0 34.0 .uo. antecedente : tertię coniugationis primtiua inueniunt᷑ : Vt uoluo, soluo,

228.0 231.0 642.0 42.0 soluis caluo id est decipio ut ẽ a p̃ salustiũ historiarũ libro .III. : Contra ille cal

225.0 261.0 663.0 43.0 ui ratus quęrit exos an somnio ostenderet᷑ thesaurus : In .uor. desinens deponens :

228.0 292.0 640.0 43.0 unũ ẽ conuiuor qđ primę est generali regulę deponentium seruiens : Cũ non

231.0 324.0 646.0 36.0 respondens & suo primitiuo iđ uiuo uiuis ł quia de nomine qđ ẽ conuiua di

228.0 352.0 647.0 39.0 riuat̃ : conuiuor conuiuaris : In .xo. desinentia pauca sunt primę quidem con

230.0 384.0 642.0 45.0 iugationis : ut luxo laxas, laxo, ueto, taxo : sed tertię non inuenit᷑ nisi pexo

230.0 420.0 656.0 42.0 pexis, texo, Nexo faxo enĩ faxis ẽ defectiuum nexo enĩ tã nexas ut ostendit uirgłs

229.0 458.0 658.0 35.0 participiũ dicens nexantẽ nodis quã nexis ut accius in deiphebo : nos continuo

229.0 484.0 650.0 32.0 ferrũ eripimus om̃ib; manicas nexim : Lic& nexi ẽ lectũ qđ etiã a necto nec

229.0 508.0 637.0 47.0 tis sic a pecto. pectos pexi, potest eẽ : In .xor. similit̃ desinentia : primę sunt

390.0 536.0 13.0 20.0 i

228.0 546.0 641.0 46.0 coniugationis : ut rixor, amplexor, trixor : In .or. passiua quacũq pręceden

228.0 579.0 644.0 35.0 te uocali ł consonante : conuigationẽ suorũ sequunt᷑ actiuoꝵ : ceu ante diximꝰ :

228.0 605.0 647.0 42.0 Cõposita quoq; in om̃ib; terminationib; simpliciũ suorũ coniugationem eadẽ

229.0 636.0 649.0 39.0 scilic& manente finalitate sequunt᷑ ceuante dictũ ẽ : si tamen cũ uerbis ł cũ

224.0 668.0 647.0 43.0 ꝓpositionib; cũ quib; frequentius solent iungi cõponantur : cũ uerbis ut te

228.0 703.0 649.0 38.0 pefatio, calefatio, madefatio, patefatio, liquefatio : Cũ prępositionib; : ut ca

228.0 732.0 642.0 39.0 pio, pręcipio, decipio, facio, effitio, defitio : fero, pręfero, infero, aufero

480.0 725.0 54.0 22.0 ł assitio

224.0 760.0 641.0 45.0 ꝑfero, suffero, desero : Turbo, ꝓturbo, scribo, describo, Neco, eneco, uinco, con

224.0 795.0 636.0 39.0 uinco, fraudo, defraudo, fundo, infundo, cedo, discedo, concedo, ligo, illigo,

225.0 820.0 642.0 46.0 ago, ꝑago, subigo, exigo, circũago, cogo, traho, subtraho, halo, exhalo, fal

222.0 854.0 632.0 41.0 lo, resello, clamo, reclamo emo, coemo, no, adno, pono, expono, repono,

222.0 890.0 638.0 41.0 crepo, discrepo, repo, adrepo, inrepo, aro, exaro, curro, incurro, discurro,

223.0 927.0 648.0 35.0 penso, dispenso, uiso, inuiso, canto, decanto, mitto, inmitto, submitto Cur

220.0 953.0 647.0 38.0 uo, incuruo, soluo, dissoluo, duco, deduco, educo, nisi s nsus causa mutet᷑

220.0 981.0 641.0 41.0 coniugatio : ꝓducta quidẽ penultima tertię ẽ ut educo educis : correp

220.0 1007.0 641.0 45.0 ta autẽ penultima : primę conugationis : ut educo educas iđ nutrio

218.0 1034.0 642.0 48.0 non extraho : ut uirgłs in libro .X. : .IIͦIͬI. hic iuuenes totidẽ quo seducat ufens :

217.0 1068.0 639.0 40.0 Qđ a nomine dux ducis posse fieri prediximꝰ : ut manduco manducas

216.0 1099.0 648.0 51.0 lic& a duco ducis uerbo uidet᷑ cõponi : tam̃ cũ nomine cõpositũ quasi manum

148.0 266.0 69.0 30.0 IN VOR

130.0 370.0 66.0 32.0 IN XO

144.0 502.0 69.0 51.0 IN XOR

142.0 552.0 45.0 37.0 OR
