3000 4174
673 231 1895 134 car minũ libro .I. bellifluus quã tiberis lauit : Idem sermonũ lib̶ .I. ora manusq tu

667 313 1886 128 as lauimus pherronia lĩpha : Quod & primę coniugationis inuenitur : Vt iuue

902 284 301 64 ailit̃ ferua lĩpha

667 392 1889 137 nalis lib̶ .I. Nec pueri credunt nisi qui nondũ ęre lauant᷑ : Cuius supinum Horatuis

659 492 1901 123 lib̶ .I. sermonũ ꝓtulit : Ast ubime fessum sol acriori relauatũ ad monuit : .L. uero

656 585 1895 99 .uo. antecedente : tertię coniugationis primtiua inueniunt᷑ : Vt uoluo, soluo,

667 676 1880 123 soluis caluo id est decipio ut ẽ a p̃ salustiũ historiarũ libro .III. : Contra ille cal

659 764 1942 125 ui ratus quęrit exos an somnio ostenderet᷑ thesaurus : In .uor. desinens deponens :

667 855 1875 125 unũ ẽ conuiuor qđ primę est generali regulę deponentium seruiens : Cũ non

676 949 1892 105 respondens & suo primitiuo iđ uiuo uiuis ł quia de nomine qđ ẽ conuiua di

667 1031 1895 114 riuat̃ : conuiuor conuiuaris : In .xo. desinentia pauca sunt primę quidem con

673 1125 1880 131 iugationis : ut luxo laxas, laxo, ueto, taxo : sed tertię non inuenit᷑ nisi pexo

673 1230 1921 123 pexis, texo, Nexo faxo enĩ faxis ẽ defectiuum nexo enĩ tã nexas ut ostendit uirgłs

670 1341 1927 102 participiũ dicens nexantẽ nodis quã nexis ut accius in deiphebo : nos continuo

670 1417 1904 93 ferrũ eripimus om̃ib; manicas nexim : Lic& nexi ẽ lectũ qđ etiã a necto nec

670 1488 1866 137 tis sic a pecto. pectos pexi, potest eẽ : In .xor. similit̃ desinentia : primę sunt

1142 1570 38 58 i

667 1599 1877 134 coniugationis : ut rixor, amplexor, trixor : In .or. passiua quacũq pręceden

667 1696 1886 102 te uocali ł consonante : conuigationẽ suorũ sequunt᷑ actiuoꝵ : ceu ante diximꝰ :

667 1772 1895 123 Cõposita quoq; in om̃ib; terminationib; simpliciũ suorũ coniugationem eadẽ

670 1863 1901 114 scilic& manente finalitate sequunt᷑ ceuante dictũ ẽ : si tamen cũ uerbis ł cũ

656 1957 1895 125 ꝓpositionib; cũ quib; frequentius solent iungi cõponantur : cũ uerbis ut te

667 2059 1901 111 pefatio, calefatio, madefatio, patefatio, liquefatio : Cũ prępositionib; : ut ca

667 2144 1880 114 pio, pręcipio, decipio, facio, effitio, defitio : fero, pręfero, infero, aufero

1406 2124 158 64 ł assitio

656 2226 1877 131 ꝑfero, suffero, desero : Turbo, ꝓturbo, scribo, describo, Neco, eneco, uinco, con

656 2329 1863 114 uinco, fraudo, defraudo, fundo, infundo, cedo, discedo, concedo, ligo, illigo,

659 2402 1880 134 ago, ꝑago, subigo, exigo, circũago, cogo, traho, subtraho, halo, exhalo, fal

650 2501 1851 120 lo, resello, clamo, reclamo emo, coemo, no, adno, pono, expono, repono,

650 2607 1869 120 crepo, discrepo, repo, adrepo, inrepo, aro, exaro, curro, incurro, discurro,

653 2715 1898 102 penso, dispenso, uiso, inuiso, canto, decanto, mitto, inmitto, submitto Cur

644 2791 1895 111 uo, incuruo, soluo, dissoluo, duco, deduco, educo, nisi s nsus causa mutet᷑

644 2874 1877 120 coniugatio : ꝓducta quidẽ penultima tertię ẽ ut educo educis : correp

644 2950 1877 131 ta autẽ penultima : primę conugationis : ut educo educas iđ nutrio

638 3029 1880 140 non extraho : ut uirgłs in libro .X. : .IIͦIͬI. hic iuuenes totidẽ quo seducat ufens :

635 3128 1872 117 Qđ a nomine dux ducis posse fieri prediximꝰ : ut manduco manducas

632 3219 1898 149 lic& a duco ducis uerbo uidet᷑ cõponi : tam̃ cũ nomine cõpositũ quasi manum

433 779 202 87 IN VOR

380 1083 193 93 IN XO

421 1470 202 149 IN XOR

416 1617 131 108 OR
