3000 4060
747 251 1863 111 capis qđ ẽ tertię primę fiunt coniugationis. ut anticipo, aucupo : Vt enĩ a nomini

755 325 1845 120 bus uerba diriuata .e. ł .i.  addentia. una sillaba genetiuum primitiui solent

755 416 1860 102 uincere : ut canus cani caneo, Insanus insani insanio, sors sortis sortior : & e

755 500 1842 102 contrario a uerbis in .eo. ł in .io. ł in .uo. desinentib; traducta nomina quę .e.

755 580 1918 105 ł .u. ł .i. uocales excludant minus una sillaba ꝓferunt᷑ ut arceo arcus, ꝑfugio

755 656 1851 125 ꝑfuga, aduenio aduena, gradior gradus, tribuo tribus, metuo metus sic

764 750 1842 125 etiam & ipsis uerbis sol& euenire ut in .io. uerba desinentia si in cõpositione .i.

767 861 1845 117 excludant : om̃ib modis unã minuentia sillabã . coniugationem quoq; mutare co

761 946 1863 111 gantur : Vt facio facis, edifico ędificas, capio capis, occupo occupas sicut a nõe

764 1028 1860 120 et capio nuncupo nuncupas facit : Eodẽq; modo fugio fugis sit nomen deductum

764 1107 1819 137 fuga : facit ex hoc nomine uerbũ fugo fugas. Quomodo a uerbo iungo iungis

767 1186 1872 128 nomen iugũ & ab hoc uerbũ iugo iugas  & molo molis, inde nomen mola : & ab eo uerbũ

764 1289 1866 134 immolo imimolas sicut sedeo secundę a quod eiusdẽ ÷ c̃iugãts & cõpositũ ut in sedeo unde

761 1391 1860 125 nom̃ insidie. Ex quo aliud uerbũ insidior insidiaris traducitur : ex p̃terito ꝑfecto suo

764 1497 1889 117 quod est in primitiuo sed eo sedi factũ ẽ expulsione e quę eratante .o. prroductaque

761 1573 1836 125 penultima facit uerbũ primę coniugationis. sedo sedas quomodo in circũflexis apud

761 1672 1869 120 grecos Siracusano more sepe uerbi posico diriuat᷑ ab alterius uerbi p̃terico ꝑfecto :

755 1754 1769 108 ut ΠΩΙΟ ΠΗΠΩΙΝ ΚΑΙ ΠΗΠΟΙΝΙΣΩΝΑ ΝΕΝΩΝΚΑΝΕΝΩΝΚΩ

873 1751 108 61 facio

1072 1751 114 46 feci

1350 1749 58 64 &

1470 1749 43 46 Ε

1567 1749 166 58 ad facio

1927 1743 96 38 lego

2211 1743 290 61 lectito ł lecto

758 1825 1848 134 qđ etiã potest a ptõ ꝑfecto eẽ qdẽ sedeo sedi ꝓducta penultima nomen fecisse hęc sedes

755 1892 1924 146 eadẽ uerbi longitudine & iã in nõe seruata : ut ab eo qđ est rũpo rupi rupes, sterno straui strages

761 1998 1848 131 sic & a nõe sedes diriuatũ uerbũ generali regula nominum iure primę coniugationis dedisse

755 2083 1816 140 uerboꝵ uid&ur : sedo sedas. A nõe quoq plurali qđ ẽ hę sordes sordeo sordes sed scđę c̃iug̃is

761 2159 1860 137 uerbũ deductũ ẽ : cũ feciss& ex se nom̃ mobile sordidus & ab eo uerbũ diriuans sordido sordidas

761 2264 1831 137 merito primę dedit illud uerboꝵ coniugationi : De monosillabo autem uerbo qđ ÷ primę

764 2343 1831 137 p̃t̃  regulã coniugationis do das dat : & cõpositionib; eius : rationabilit̃ ñ respondentib;

761 2443 1611 125 primitiuo : insupͣdictis habunde reor eẽ monstratũ : DEPONENTIB VERBIS :

755 2540 1907 143 Omã deponentia uel cõmunia consonante antecedente in .or. primę sunt coniugationis

752 2622 1921 158 miror, aduersor, moror, uagor, exceptis .VIIII. t̃tię c̃iugat̃ : Loquor liquor queror

752 2712 1869 140 nitor, uertor, utor, labor, fungor, sequor & illis exceptis q; ante cor .as. ł .es. ł .is.

750 2833 1904 120 habent ut irascor, nascor, uescor, pauescor, nanciscor & quicqͥd simile inueniat᷑ : Quę iure

1549 2821 38 79 i

744 2920 1883 108 t̃tie sunt : haec forma id ÷ in .sco. desinens : t̃ciã sibi c̃iugationẽ uindicat { & blas

747 2982 1869 131 femia colletur : Inuoco inadiutorium ꝓuoco ad iracundiã aduoco ad hanorem

750 3067 1913 149 euoco ad officiũ reuoeo errantẽ conuoco plures simul : Surgo e sede ex surgo electo

750 3166 1913 172 resurgo a morte consurgo cũ aliis in surgo in alios : moneo p̃sentia admoneo futura

357 3002 348 111 hic desinit

333 3082 366 140 liber Euticis
