1024 1390
176.0 103.0 149.0 45.0 Tres enĩ periochę ÷

176.0 139.0 138.0 31.0 tres circũstantię :

173.0 154.0 152.0 37.0 requiruntur in prę

176.0 180.0 163.0 30.0 sentis lectionis capitulo.

173.0 202.0 154.0 35.0 Locus Tempus P̶sona

172.0 226.0 144.0 26.0 Locũ demonstratis

172.0 248.0 144.0 26.0 eius artis : cũ dicit

169.0 274.0 151.0 38.0 ROMA C̃STANTINOPOL̶ .

169.0 303.0 154.0 31.0 Tempus : quia floruit

166.0 323.0 154.0 34.0 sub tempore iuliani

166.0 352.0 152.0 27.0 cęsaris. consulis. ac pa

165.0 374.0 148.0 29.0 tricii . Et ipse fuit a

165.0 396.0 149.0 24.0 postata : Persona : ille

164.0 414.0 149.0 31.0 ipse . Euticius ł eutex

163.0 437.0 152.0 29.0 qđ interpretatum est

162.0 457.0 144.0 27.0 ex greco . et latino

162.0 475.0 146.0 31.0 et dr̃ bene texens ł bo

163.0 496.0 143.0 28.0 nꝰ textor. Et addit᷑

160.0 516.0 142.0 29.0 quarta ÷ causa : cur

157.0 539.0 152.0 33.0 aggresius est hoc opus

159.0 566.0 148.0 31.0 iđ : ꝓ qua utilitate ł

157.0 584.0 163.0 35.0 ꝓ qua necessitate hanc

158.0 612.0 155.0 30.0 artẽ composuit . Cau

159.0 635.0 157.0 27.0 sa enĩ descriptionis ẽ :

158.0 656.0 158.0 33.0 quia petiuit ab eo suus

160.0 683.0 144.0 24.0 discipulus craterus

159.0 702.0 158.0 30.0 Vt more grecoꝵ docer&

159.0 726.0 150.0 23.0 eũ ex primis ꝑsonis con

159.0 745.0 160.0 28.0 iugationes cognoscere :

159.0 763.0 147.0 35.0 ΠΕΡΙ ÷ circũ, oche :

161.0 790.0 133.0 28.0 quęstio. Perioche :

159.0 809.0 147.0 31.0 circũ quęstico ł circũ

161.0 835.0 138.0 25.0 stantia quę circa rẽ

161.0 853.0 160.0 25.0 queritur ł circũstat.

160.0 873.0 168.0 29.0 ł fit . et non ire :

164.0 888.0 158.0 42.0 FINit :

342.0 94.0 558.0 68.0 Septẽ circũstantię requirendę sunt. In una quaq; arte : Id est Locus

342.0 143.0 558.0 62.0 Tempus, ꝑsona, Factũ, Causa, modus, facultas, uł materies : Locus :

338.0 189.0 558.0 63.0 quo facta est. Tempus : quando, Persona : quis fecit : Factũ : ꝗd fec̃ :

332.0 232.0 561.0 55.0 Causa : quomodo fecit, Facultas uł materies : unde fecit : Quę .VͭIͤ̃I.

335.0 273.0 548.0 51.0 ita conueniunt huic libro. Tempus : in tempore iuliani consulis qđ

339.0 315.0 552.0 46.0 inde intellegimus : quia priscianus magister euticis temporib; eiusdẽ

330.0 361.0 574.0 56.0 iuliani fuit : Persona : eutex ł euticus qui inerpretat᷑ fortunatꝰ ł felix

330.0 405.0 560.0 51.0 ł bonus terxtor. quia bene & feliciter texuit regulas grãmaticę artis

331.0 447.0 554.0 45.0 Factũ : ipsa ars intellgitur. Causa : quia CRATERVS suus discipulus

334.0 487.0 560.0 50.0 postulauit hoc opus ab illo fieri. <u>t potuissent romani cognoscere coniugati</u>

339.0 533.0 561.0 48.0 ones exprima ꝑsona. sicut faciunt greci. Mođ numerus libroꝵ ł quomodo

333.0 580.0 553.0 46.0 fecit : uidelic& artificio ł ꝓspere . Materies ł facultas unde fecit

332.0 625.0 315.0 51.0 hoc est de discernendis coniugationib; ̶
