1024 1438
598.0 74.0 89.0 22.0 quia disillaba st̃

87.0 80.0 634.0 51.0 licet in .eo. desinentia secundę deberent esse tamen primę sunt. Eo quoq et queo

275.0 107.0 204.0 32.0 s. et nisi hoc qđ nec in .io. desinentia

514.0 105.0 89.0 26.0 ÷ non possunt eẽ

88.0 118.0 633.0 52.0 quartę sunt coniugationis. Nec in .io. desinentia. cuius cũq sint coniugationis minus trib;

87.0 148.0 642.0 51.0 sillabis esse non possunt. Notatis primę ꝗdem hio -as et pio -as. Quartę uero fio fis, sci

87.0 179.0 642.0 53.0 o scis, & interdũ cio cis : Vnde componit᷑ excio excis excire qđ etiã et cieo cies scđę coniu

91.0 209.0 638.0 53.0 gatinonis inuenitur. Reliquas terminationes uerborũ consonantib; pręcedentib; ꝑ ordinem

90.0 248.0 386.0 44.0 in sequenti libello tam̃ contẽplabimur. EXPLICIT

171.0 273.0 562.0 51.0 IN BO ET IN BOR DESINENTIA QUECVMQUE VOCALI SEV

93.0 309.0 637.0 44.0 consenante precedente primę sunt coniugationis. Vt libo -as, ꝓbo -as, orbo as, Titubo -as,

92.0 339.0 637.0 41.0 cubo -as, Excubo -as, Subo -as, cõpositũ a sub et cubo : sed ꝑ sincopã dempta media sillaba

91.0 369.0 651.0 51.0 Horatius in eppodo : iãq subando. Excipiunt᷑ pauca quę ad tertiam coniugationem ꝑueniunt.

94.0 402.0 655.0 47.0 A ꝗdem antecedente longa unũ deponens inuenitur. Vt labor laberis Vnde labitur unc

93.0 436.0 651.0 43.0 ta uadis abies aput urgiliũ in libro eneiđ .VIII. legimus. A quo ⁊ participiũ lapsus fit :

96.0 466.0 657.0 47.0 Quamuis sub eodẽ sensu etiã primę coniugationis. actiuũ ł neutrũ inuenitur . antecedente

98.0 496.0 664.0 43.0 .a. sed breui ut labo -as. Vnde in libro .IIͦ. eneidos uirgłs dixit : Labat ariete crebro ianua

100.0 527.0 656.0 48.0 Excipitur scaberet . etiã qđ tertia ꝑsonę. In ꝑfecti temporis subiunctiui modi ÷ quandã

102.0 557.0 639.0 48.0 spetiẽ seruans in .Iͦ. libro ap̃ horatiũ sermonũ reperitur ut sępe caput scaberet uiuos

100.0 586.0 660.0 47.0 et roderet ungues : Notauimus etiã quasi tertię coniugationis : Licet nullũ eius aliũ motũ

99.0 616.0 651.0 50.0 apud aliquẽ interĩ cognouimus nisi infinitiuũ scabere. ap̃ menipeũ uarronem in catino qđ ue

103.0 651.0 644.0 42.0 nire a positione uerbi qđ est scabio ł scalpo Vnde scabies nomen ÷ diriuatũ et uerisimile

103.0 682.0 645.0 44.0 potest existimari : .I. uͦ antecedente hęc tantũ sunt tertię coniugationis. Breui qđ ÷ ut bibo

102.0 715.0 647.0 40.0 -bis. et longa uero ut scribo -bis : Itẽ .u. uocali longa antecedente unũ ÷ tertię. Nubo -bis .m.

103.0 746.0 658.0 44.0 uero consonante antecedente duo sunt. Vt lãbo -bis. Vnde uirgłs in .Vͭ ͦ. libro eneiđ dixit

101.0 781.0 648.0 37.0 Lambere flãma comes : Et a uerbo cũbo. qđ simplex in usu non est composita : ut incũbo

102.0 812.0 658.0 42.0 bis ꝓcũbo -bis, accũbo -bis, succũbo -bis. Quorũ primitiuũ sine .m. enuntiat᷑ t/sã simplex

250.0 801.0 11.0 18.0 a

101.0 846.0 656.0 42.0 quã cõpositũ sine .m. ꝓlatũ primę coniugationis ẽ : Vt cubo -as, incubo -as, ꝓcubo -as :In .co.

102.0 878.0 648.0 38.0 desinentia uerba primitiua seu diriuatiua quacũq; uocali antecedente primę sunt con

103.0 911.0 651.0 36.0 iugationis : Vt placo -as, uoco -as, neco -as, seco -as, plico -as, mico -as, dimico -as, emico -as, fri

103.0 944.0 652.0 29.0 co -as, dico -as penultima breuis : Cuius futurũ in .Iͦ. libro eneiđ Virgłss posuit ut conubio

103.0 967.0 654.0 38.0 iungã stabili ꝓpriãq; dicabo. Vnde dedico indico abdico cõponuntur ltẽ albico -as Hora

103.0 998.0 657.0 43.0 tius carminũ libro .Iͧ. Haec prata canis albicant prumis : Vellico -as idem sermonũ libro .Iͦ.

95.0 1036.0 660.0 40.0 Vellicat absentem demetrias. Claudico -as, duplico -as, eradico -as. Terentius in andria

103.0 1064.0 652.0 36.0 Ita me miserã te eradicant territam. Mendico -as, Suffoco -as, Loco -as, Voco -as, qđ pe

102.0 1096.0 653.0 48.0 nultimã nõis longam in uerbo corripuut Notat᷑ tertię coniugationis ut qoͧ quo quis

107.0 1137.0 652.0 46.0 et qͣ ab eo cõponunt̃ ut decoquo, Pręcoquo, Percoquo, lncoquo, cui uerbo : licet nomen

841.0 62.0 37.0 44.0 85
