1024 1424
274.0 86.0 647.0 39.0 adhęret coquus tamen non ab eo uerbũ sed a uerbo nomen deduci nomstratũ : In supͣdictis

275.0 118.0 626.0 44.0 sufficient existimo. Excipiuntur pauca etiã quę tertię sunt coniugationis

273.0 154.0 648.0 37.0 et etiã differentię causa .i. ꝗdẽ uocali longa antecedente ut dico -cis, ÷ narro ut

274.0 185.0 653.0 38.0 distet ab eo cuiꝰ breuis .i. antecedit & sensu & coniugatione et tẽpore. Vnde merito

273.0 217.0 643.0 39.0 suis respondent primitiuis. ab utroq; cõposita. Edico -cis, bredico -cis : Longitudi

659.0 209.0 73.0 23.0 ualde dico

759.0 211.0 55.0 20.0 antedico

276.0 249.0 630.0 40.0 nẽ primitiui seruans tertię est prtm̃ ꝑfectũ in .xi. fatiens ut prędixi qđ grece

276.0 275.0 82.0 23.0 ł ΠΡΕ ÷ p̃dico

274.0 283.0 651.0 38.0 ΠΡΟΛΕΓΟ monstrat : Predico autẽ -cas, itẽ breuitatẽ primitiui seruans. primę ẽ

274.0 314.0 639.0 39.0 preteritũ ꝑfectũ tempus in .aui. fatiens ut prędicaui qđ grece ΚΕΡΙCΕΩ significat :

273.0 344.0 637.0 38.0 Et indico tamen indicis longa .i. antecedente. Vt apud uirgłm libro .Iͦ. Diuũ tẽplis in

271.0 376.0 644.0 34.0 dicit honorem : Apud eundem lib̶ .VII. Hoc et tũ ęneadis indicere bella latinus : Ex quo

272.0 406.0 649.0 40.0 ꝑfectũ indixi fit Vt lucanus libro .IIͦ. indixitq nefas : quã indicas ut apud horatiũ li

269.0 439.0 649.0 38.0 b̶ .I. carminũ. Metabula sacer uotiua paries indicat . liuida suspendisse potenti maris

269.0 472.0 647.0 37.0 dõ uestimenta et ap̃ . Ouidiũ in .XI. libro metamorphoseon om̃a seruauit lapidis color

272.0 500.0 642.0 41.0 indicat illud. Ap̃ eundẽ in libro .XII. Cornua fronte gerit quẽ uobis indicat auctor. Ex quo

271.0 536.0 649.0 37.0 ꝑfectũ fit indicatiui : Duco quoq .u. longa antecedente tã in simplicitate . quã in om̃ib; cõ

271.0 566.0 656.0 35.0 positionib; tertię coniugationis ẽ : Vt abduco -cis, adduco -cis. Subduco -cis. lnduco -cis, Educo

270.0 592.0 654.0 38.0 cis. Extra hoc in una tantũ cõpositione Educo .u. breui ꝓferitur : differentię causa signi

271.0 625.0 652.0 42.0 ficans nutrio et tũ solũ primę est conuigations. ⁊ ut apud uirgłm in libro .X. Quattuor

272.0 658.0 642.0 34.0 hic iuuenes totidẽ quos educat ufens. Tamen uidetur . Educo -cas uerbũ ratio

273.0 688.0 637.0 39.0 nabilius anõe deducdũ uerbali qđ ÷ dux -cis iure coniugationis pͥmę

271.0 719.0 652.0 46.0 eẽ ut tẽpus etiã nominis in penultima uerbi seruatũ signf̃t . Consonante

271.0 753.0 643.0 46.0 quoq; quacumq; antecedente absq s. in .co. finita uerba primę s̃. coniu

273.0 778.0 647.0 52.0 gationis : Vt pecco -as, seco -as, calco -as, sulco -as, mulco -as, trun

274.0 812.0 662.0 49.0 co -as, Lucanus in libro .VͦI. cęsorũ. Truncare cadauera regũ Ex quo componit᷑ obtrun

272.0 849.0 657.0 43.0 co -as Sic etiã in ęsco -as. qđ Terentius in adelphis ponit : Nescis mescare sannio :

272.0 877.0 655.0 46.0 Sane pͥmę coniugationis ÷ : Lic& .s. habeat ante .co.  a noẽ esca deductũ tã nõis

271.0 908.0 661.0 50.0 scripturã in uerbo quã regulã a nomine diriuatiuatiuorũ uerborũ : Notant᷑ tertię

272.0 940.0 660.0 47.0 Vinco -cis & abeo cõposita. conuinco -cis, deuinco -cis : Parto quoq; qđ solũ .R. ante .co. ha

270.0 969.0 655.0 49.0 bens ẽ tertię coniugationis : .S. uero antecedente siquidẽ st̃ inchoatiua tertię st̃ coniu

270.0 996.0 651.0 56.0 gationis sine dubio ceu p̃dictũ est : Vt horresco, timesco, tepesco, calesco, erubesco : Quę ñ

271.0 1033.0 647.0 52.0 solũ a uerbis. scđę coniugationis sed etiã a labo -as qđ ÷ primę coniugationis lacasco & lic&

270.0 1059.0 659.0 51.0 raro a nõib; etiã dirĩuata inueniunt᷑  Vt uesperasco iuuenisco, Glisco, Cresco, et siñ sint

774.0 1058.0 40.0 19.0 cresco

268.0 1093.0 649.0 54.0 tamen inchoatiua .s. ante .co. habentia si non a nõb; diriuant᷑ tertię st̃ simłt. Vt pasco

265.0 1128.0 659.0 65.0 -is paui, cresco -is, creui cõpeso -cis cõpescui, disco -cis didici, Assuesco -is asueui, Posco
