1024 1453
79.0 87.0 630.0 69.0 Cuius plurale horatius sermonũ libro .I. refert : Cõmuni sensu plane car& lnqͥ

79.0 130.0 628.0 58.0 mus; & imperatiuũ terrentius in phormione : tum autẽ filiũ uideo patrem

79.0 167.0 642.0 52.0 ab sese amittere inuitũ inque; sequor sequeris, loquor : Liquor deponens

81.0 200.0 636.0 55.0 prima sillaba ꝓducta ut uirgłs in libro georgicon : uere nouo gelidus canis cũ

79.0 230.0 638.0 48.0 montib; humor liquitur & Zephiro putris se glebam resoluit : Quãuis ne

78.0 262.0 648.0 48.0 utrũ siueactiuũ primę coniugationis inuenitur : prima tamen sillaba cor

78.0 292.0 641.0 55.0 repta : liquo liquas, eliquo eliquas : Lucanꝰ lib̶ .VII. excussit cristas galeis.

78.0 325.0 656.0 51.0 capulosq; solutos ꝓfudit gladiis arreptaq; pila liquauit : persius : philladas

293.0 330.0 54.0 21.0 ł gladius

79.0 360.0 648.0 50.0 ipsiphilas uanũ aut plorabile siquid eliquat ac tenera supplantat uerba pa

208.0 359.0 85.0 22.0 ł ꝓbabile

78.0 389.0 664.0 53.0 lato : Ouidius fastorũ lib̶ .IIII. Nec pigeat tritũ nigro cũ lacte papauer : sumere :

77.0 422.0 660.0 44.0 & exp̃ssis mella liquata fauis : Cũ uero sint a nominib; tunc iure primę sunt :

75.0 459.0 654.0 48.0 ut ęquus et ęquo ęquas, ꝓpinquus ꝓpinquo ꝓpinquas, obliquus obliquo -as. An

75.0 491.0 667.0 50.0 tiquus antiquo antiquas, aqua aquor aquaris uirgłs in .IIII. libro georgicon :

72.0 521.0 659.0 43.0 sed circũ tute sub moenib; urbis aquant᷑ : In .ro. desinentia .e. anteceden

74.0 552.0 646.0 46.0 te : omã primę sunt coniugationis : Vt libero liberas, lacero, desidero,

75.0 585.0 654.0 46.0 blatero Horatius lib̶ semonũ .II. magno blateras clamore : itero iteras

74.0 616.0 650.0 41.0 Itẽ lib̶ .I. carminũ : Nunc retrorsũ uela dare. atq; iterare currus cogor relictos :

75.0 648.0 659.0 38.0 Excipiunt᷑ pauca primitiua & quę ab eis singulis cõponuntur : tertię sunt con

79.0 676.0 654.0 49.0 iugationis ut gero gers, digero, aggero, unde aggeritur tumulo tellus

75.0 709.0 664.0 48.0 in lib̶ .II. ęneidos uirgili legimus : Ex quo uerbo nomen fit agger & ab eo

75.0 743.0 667.0 48.0 uerbũ diriuat᷑ aggero aggeras primę coniugationis : ut idẽ uirgłs refert

75.0 778.0 651.0 43.0 in lib̶ .X. eneiđ : aggerat & longo p̃dã uib& ordine duci : Itẽ tero teris,

76.0 809.0 667.0 40.0 detero, ꝓtero, sero, itẽ seris ex quo componunt᷑ insero, desero, ꝓsero, dissero.

76.0 843.0 673.0 38.0 Nam obsero obseras, iure primę coniugationis a nomine idẽ hęc sera huiꝰ

77.0 876.0 661.0 41.0 serę & ab eo resero cõpositũ est : Queror itẽ deponens est correpta

79.0 908.0 660.0 36.0 peneultima quereris : fero etiã qđ licet anomalũ ẽ : tertię tamen esse

77.0 940.0 659.0 42.0 conugationis ex quibusdã eius motib; ostendit᷑ : & ab eo similiter diri

76.0 978.0 661.0 32.0 uata : ut infero, suffero, ꝑfero, uociferor autẽ qđ ẽ a fero & morigeror

284.0 965.0 56.0 21.0 ł ꝓfero

77.0 1003.0 654.0 36.0 qđ ẽ a gero cõpositum quia cũ nominib; cõponunt᷑ iure primę sunt coniu

78.0 1034.0 660.0 41.0 gationis uerboꝵ : obseruandũ tamen est qđ uerba quę superius ut tertię sint

77.0 1067.0 670.0 41.0 coniugationis uerboꝵ notauimus : om̃a disillaba sunt : quod in aliis .e. ante .ro.

78.0 1096.0 661.0 44.0 habentib raro repperit᷑ : et quacũq; alia uocali antecedente .ro. sillabam :

79.0 1131.0 682.0 44.0 similiter uerba sunt primę coniugationis : ut aro, paro, spero, spiro, delibero,

78.0 1166.0 685.0 52.0 uoro, ploro, roboro : Horatius carminũ libro .IIII : Rectiq cultus pectora roborant

19.0 520.0 48.0 49.0 IN RO

29.0 586.0 33.0 29.0 consi

20.0 607.0 40.0 23.0 dero.

19.0 623.0 49.0 24.0 umero

25.0 640.0 36.0 25.0 [g]gero

19.0 655.0 47.0 27.0 unero

20.0 676.0 39.0 23.0 enero.

18.0 688.0 48.0 39.0 []pero

838.0 61.0 30.0 50.0 89
