1024 1386
255.0 86.0 636.0 38.0 capis qđ ẽ tertię primę fiunt coniugationis. ut anticipo, aucupo : Vt enĩ a nomini

258.0 111.0 630.0 41.0 bus uerba diriuata .e. ł .i.  addentia. una sillaba genetiuum primitiui solent

258.0 142.0 635.0 35.0 uincere : ut canus cani caneo, Insanus insani insanio, sors sortis sortior : & e

258.0 171.0 629.0 35.0 contrario a uerbis in .eo. ł in .io. ł in .uo. desinentib; traducta nomina quę .e.

258.0 198.0 655.0 36.0 ł .u. ł .i. uocales excludant minus una sillaba ꝓferunt᷑ ut arceo arcus, ꝑfugio

258.0 224.0 632.0 43.0 ꝑfuga, aduenio aduena, gradior gradus, tribuo tribus, metuo metus sic

261.0 256.0 629.0 43.0 etiam & ipsis uerbis sol& euenire ut in .io. uerba desinentia si in cõpositione .i.

262.0 294.0 630.0 40.0 excludant : om̃ib modis unã minuentia sillabã . coniugationem quoq; mutare co

260.0 323.0 636.0 38.0 gantur : Vt facio facis, edifico ędificas, capio capis, occupo occupas sicut a nõe

261.0 351.0 635.0 41.0 et capio nuncupo nuncupas facit : Eodẽq; modo fugio fugis sit nomen deductum

261.0 378.0 621.0 47.0 fuga : facit ex hoc nomine uerbũ fugo fugas. Quomodo a uerbo iungo iungis

262.0 405.0 639.0 44.0 nomen iugũ & ab hoc uerbũ iugo iugas  & molo molis, inde nomen mola : & ab eo uerbũ

261.0 440.0 637.0 46.0 immolo imimolas sicut sedeo secundę a quod eiusdẽ ÷ c̃iugãts & cõpositũ ut in sedeo unde

260.0 475.0 635.0 43.0 nom̃ insidie. Ex quo aliud uerbũ insidior insidiaris traducitur : ex p̃terito ꝑfecto suo

261.0 511.0 645.0 40.0 quod est in primitiuo sed eo sedi factũ ẽ expulsione e quę eratante .o. prroductaque

260.0 537.0 627.0 43.0 penultima facit uerbũ primę coniugationis. sedo sedas quomodo in circũflexis apud

260.0 571.0 638.0 41.0 grecos Siracusano more sepe uerbi posico diriuat᷑ ab alterius uerbi p̃terico ꝑfecto :

258.0 599.0 604.0 37.0 ut ΠΩΙΟ ΠΗΠΩΙΝ ΚΑΙ ΠΗΠΟΙΝΙΣΩΝΑ ΝΕΝΩΝΚΑΝΕΝΩΝΚΩ

298.0 598.0 37.0 21.0 facio

366.0 598.0 39.0 16.0 feci

461.0 597.0 20.0 22.0 &

502.0 597.0 15.0 16.0 Ε

535.0 597.0 57.0 20.0 ad facio

658.0 595.0 33.0 13.0 lego

755.0 595.0 99.0 21.0 lectito ł lecto

259.0 623.0 631.0 46.0 qđ etiã potest a ptõ ꝑfecto eẽ qdẽ sedeo sedi ꝓducta penultima nomen fecisse hęc sedes

258.0 646.0 657.0 50.0 eadẽ uerbi longitudine & iã in nõe seruata : ut ab eo qđ est rũpo rupi rupes, sterno straui strages

260.0 682.0 631.0 45.0 sic & a nõe sedes diriuatũ uerbũ generali regula nominum iure primę coniugationis dedisse

258.0 711.0 620.0 48.0 uerboꝵ uid&ur : sedo sedas. A nõe quoq plurali qđ ẽ hę sordes sordeo sordes sed scđę c̃iug̃is

260.0 737.0 635.0 47.0 uerbũ deductũ ẽ : cũ feciss& ex se nom̃ mobile sordidus & ab eo uerbũ diriuans sordido sordidas

260.0 773.0 625.0 47.0 merito primę dedit illud uerboꝵ coniugationi : De monosillabo autem uerbo qđ ÷ primę

261.0 800.0 625.0 47.0 p̃t̃  regulã coniugationis do das dat : & cõpositionib; eius : rationabilit̃ ñ respondentib;

260.0 834.0 550.0 43.0 primitiuo : insupͣdictis habunde reor eẽ monstratũ : DEPONENTIB VERBIS :

258.0 867.0 651.0 49.0 Omã deponentia uel cõmunia consonante antecedente in .or. primę sunt coniugationis

257.0 895.0 656.0 54.0 miror, aduersor, moror, uagor, exceptis .VIIII. t̃tię c̃iugat̃ : Loquor liquor queror

257.0 926.0 638.0 48.0 nitor, uertor, utor, labor, fungor, sequor & illis exceptis q; ante cor .as. ł .es. ł .is.

256.0 967.0 650.0 41.0 habent ut irascor, nascor, uescor, pauescor, nanciscor & quicqͥd simile inueniat᷑ : Quę iure

529.0 963.0 13.0 27.0 i

254.0 997.0 643.0 37.0 t̃tie sunt : haec forma id ÷ in .sco. desinens : t̃ciã sibi c̃iugationẽ uindicat { & blas

255.0 1018.0 638.0 45.0 femia colletur : Inuoco inadiutorium ꝓuoco ad iracundiã aduoco ad hanorem

256.0 1047.0 653.0 51.0 euoco ad officiũ reuoeo errantẽ conuoco plures simul : Surgo e sede ex surgo electo

256.0 1081.0 653.0 59.0 resurgo a morte consurgo cũ aliis in surgo in alios : moneo p̃sentia admoneo futura

122.0 1025.0 119.0 38.0 hic desinit

114.0 1052.0 125.0 48.0 liber Euticis
