3406 4184
1682.0 533.0 233.0 73.0 luctũ faciens

1060.0 543.0 1791.0 161.0 item sunt a fatio luctif(icus l)etificus. magnificus.

1067.0 661.0 367.0 81.0 t̃rore m̃ fatiens

1455.0 672.0 401.0 77.0 fatiens bene

1919.0 564.0 506.0 182.0 tentator ł seductor

2718.0 679.0 87.0 98.0 diuͥnꝰ

1050.0 714.0 1902.0 147.0 terrificus. beneficus. ueneficus. Itẽ a dico. fatidicꝰ

1078.0 801.0 1849.0 150.0 (ue)ridicus. ueredicus maledicus. a uolo . uis . beni

1350.0 913.0 168.0 139.0 inuiđ

1048.0 805.0 264.0 265.0 ꝗ bene uult

1050.0 934.0 1867.0 143.0 (u)olus maliuolus. a uolo. uolas. ueliuolus. dicit᷑

2139.0 1021.0 220.0 73.0 ꝗ cađ de naue

1043.0 1049.0 1895.0 150.0 enĩ mare ueliuolũ. a frango . naufragus ł naufragi

2498.0 1143.0 248.0 101.0 fideiussor

1860.0 1150.0 310.0 87.0 locus influminib;

1036.0 1168.0 1933.0 136.0 us. in um qͦq; ut uado hoc uadũ ł hic uas uadis. scalpo

1650.0 1276.0 548.0 83.0 ornamentũ lecti .

2205.0 1276.0 237.0 191.0 a iungendo

1196.0 1269.0 266.0 94.0 ab incidendũ

1032.0 1307.0 1923.0 143.0 scalprum fulcio fulcrũ iugo iugũ; fiunt et o finali᷑

1036.0 1433.0 1863.0 129.0 tantũ reiecta de uerbis nomina in er desinentia;

1029.0 1551.0 1825.0 150.0 ut a fero ł gero conposita lucifer corniger. item

1374.0 1673.0 140.0 122.0 pauca

1036.0 1677.0 1870.0 122.0 quam uis rara fiunt tamen a uerbis nomina que in

1060.0 1778.0 231.0 76.0 inchoatiuã

1039.0 1774.0 1948.0 161.0 ceptiuam penultimę sillabe et ante penultimę uerbi

1486.0 1882.0 265.0 84.0 t̃minacione

893.0 1907.0 2101.0 146.0 consonanti ante clausulã habent nominũ; ut in cen et in pos et

2645.0 2015.0 272.0 83.0 cornu canens

889.0 2036.0 2115.0 157.0 in pex & in (fe)x et in ceps desinentia ; ut a cano cornicen

1050.0 2137.0 314.0 73.0 lituo canens

2554.0 2144.0 499.0 87.0 sotius siue effector uo/tiui

1975.0 2154.0 247.0 80.0 musatores

1032.0 2175.0 1885.0 136.0 liticen tubicen fidicen tibicen . a pono compos

1416.0 2259.0 492.0 80.0 inspector auiũ aurator

2348.0 2276.0 401.0 74.0 adiutoriũ fatiens

1012.0 2308.0 1943.0 118.0 ab aspitio auxpex. a fatio artifex. opifex. a capio

2582.0 2370.0 237.0 84.0 oppositio

1915.0 2377.0 259.0 77.0 aues capiens

1039.0 2395.0 1899.0 153.0 muriceps particeps. auceps. ab obitio. obex. sic

1217.0 2499.0 328.0 74.0 ꝗ alios excellit

2393.0 2485.0 538.0 98.0 stultꝰ inconstans desidios

2910.0 2520.0 129.0 129.0 reꝗes

1025.0 2520.0 1888.0 161.0 p̃sideo p̃ses. resideo. reses. desideo. deses. quies.

1022.0 2649.0 1895.0 150.0 co. quies  a preterito qq̃. perfecto ł magis ab in

1015.0 2761.0 1853.0 174.0 finito futuri deriuantur. Generales quidem

1022.0 2893.0 1881.0 133.0 terminationes he sunt. in culum in mentum. in

1996.0 2974.0 62.0 191.0 ł

1019.0 3015.0 1887.0 140.0 men. in bilis. in tio in tor in trix. in tiuus. in sio.

1015.0 3124.0 1884.0 160.0 in (o)r in ibilis in ilis in ius; et ante tum quidem

1025.0 3256.0 1934.0 146.0 infinitiui posita uolis uel consonans seruatur

1001.0 3378.0 1912.0 140.0 etiã in diriuationib; in culũ in mentũ in men

2470.0 3456.0 192.0 82.0 ꝑẽuersionẽ

1029.0 3493.0 1888.0 168.0 in bilis desinentib; nominib; mutatio ne tũ

383.0 3287.0 604.0 199.0 ꝗ hoc ẽ in diriuatiuis nominib;
