3305 4186
1717.0 352.0 143.0 136.0 14

453.0 523.0 311.0 80.0 manu capiens

404.0 551.0 1836.0 132.0 manceps. mancipis mancipo mancipas; semꝑ

401.0 666.0 1930.0 136.0 sic et excertis et manifestis incerta et ambigua regu

418.0 770.0 1941.0 164.0 lantur. nemoq; dubitet quod priora prorsus uerbis

422.0 886.0 1912.0 167.0 sunt quedam nomina inquib; naturaliter substantia

446.0 1008.0 1881.0 157.0 nominis antecetdit actũ qui expectatur in uerbis. ut

460.0 1137.0 1836.0 136.0 exempli causa de multis licet proferre pauca.ut esca

471.0 1227.0 240.0 74.0 cibũ tribuo

453.0 1259.0 1878.0 146.0 inesco. unda inundo . pax paco. radix eradico. piscis

471.0 1359.0 1968.0 179.0 piscor. cor concordo discordo. recordor odoror odoraris.

467.0 1510.0 1920.0 146.0 horatius in eppodo. proiectũ odoraris cibũ . radius

485.0 1583.0 310.0 171.0 luceo splendeo

474.0 1625.0 1874.0 157.0 radio as. humus. humo. fumus. fumo . contio conti

1151.0 1548.0 195.0 224.0 sepelio/cooperio

467.0 1758.0 1871.0 146.0 honor. limen helimino. cacumen cacumino. ouidi

1748.0 1747.0 178.0 73.0 exacuo

453.0 1869.0 1853.0 150.0 us metamorfoseon libro primo. sũmasq; cacumi

460.0 1967.0 1927.0 167.0 nat aures. rumen ruminis . rumino as uirg̃ in bucolico

851.0 1967.0 297.0 122.0 sũma pras gule

464.0 2079.0 1884.0 188.0 ilice sub nigra pallentes.ruminat herbas aurũ in

481.0 2211.0 1822.0 188.0 auro horatius a epistolarũ libro primo. ut te con

457.0 2333.0 1926.0 196.0 festim largus fortunę riuus inauret; scortũ. scortor

1898.0 2351.0 199.0 153.0 meretrix

2149.0 2340.0 189.0 87.0 mechor

478.0 2473.0 1909.0 178.0 gurges in gurgito. cicero in pisone nũquã te in tot

739.0 2459.0 185.0 167.0 in mergo

457.0 2591.0 1961.0 182.0 flagitia ingurgitasses. Cras aduerbiũ crastinus nom̃

858.0 2577.0 230.0 84.0 p̃cipitasses

443.0 2713.0 1204.0 157.0 et habeo uerbũ. procrastino.

1144.0 2706.0 255.0 81.0 ꝓduco in cras

425.0 2832.0 1899.0 174.0 Itẽ dies nomen perendie aduerbium conperendi

1912.0 2815.0 328.0 115.0 ꝑmaneο ł tardo.

460.0 2933.0 1822.0 192.0 no uerbum preterea uerba de aduerbiis etiam

450.0 3055.0 1874.0 185.0 diriuata consonante precedente priamę semper

446.0 3167.0 1839.0 188.0 sunt coniugiugationis ut om̃is frequentatiua for

446.0 3282.0 1871.0 206.0 ma. nec ad aliã potest huiusce modi uerborũ diri

450.0 3432.0 1985.0 167.0 uatione uenire coniugationẽ nisi forte incidat inclau

457.0 3558.0 2268.0 195.0 sulam iam ante cuidã coniugacionum generaliter depuatatam.

2376.0 2836.0 178.0 170.0 VIIII
