3456 4176
1078.0 567.0 1890.0 132.0 ut habeo quod ẽ meta ; metor quidẽ metaris primę ẽ.

1663.0 528.0 132.0 98.0 limes

1942.0 528.0 219.0 67.0 t̃mino finio

1075.0 671.0 1865.0 143.0 ÷ seruus. metior aut̃ metiris quarte ẽ.÷ seruo seruas.

1406.0 664.0 201.0 77.0 mensuro

1089.0 800.0 1820.0 146.0 prime ẽ seruio aut̃ quod in io desinit quarte ẽ.

1071.0 925.0 1782.0 143.0 et asanus sano quidẽ sanas insanio aut̃ insanis.

2168.0 887.0 243.0 157.0 furio ł infirmo

1078.0 1044.0 1880.0 153.0 et abeo quod ÷ aptus. apto. aptas. fit uerbũ. abeo

1945.0 1030.0 209.0 156.0 adiungo

1071.0 1158.0 1855.0 167.0 aut̃ quod ex eo cũ positũ nomen ineptus. ineptio

2641.0 1137.0 216.0 154.0 desipio

1075.0 1277.0 1886.0 160.0 ineptis uerbũ fit. ut enĩ in io desinentia uerba

1078.0 1416.0 1842.0 136.0 nisi habeant adherentia nomina trissyllaba ⁊

1085.0 1534.0 1908.0 157.0 penultimã purã habentia prime eẽ coniugationis

1078.0 1677.0 1880.0 115.0 non possunt. sed ad quartã perueniunt coniuga

1078.0 1781.0 1862.0 153.0 tionẽ. paucis illis exceptis que sola sibi tertia uin

1082.0 1889.0 1813.0 164.0 dicat. sic quacūq; consonante antecedente

1085.0 2018.0 1817.0 150.0 nomina fatia ex se uerba si quidẽ seruant conso

1489.0 2035.0 111.0 126.0 enci

1082.0 2133.0 1869.0 149.0 nantẽ nominis. primae sunt coniugationis. i ue

1075.0 2258.0 1904.0 143.0 ro ꝙ non habent nom̃ in uerbo addentia . respu

1082.0 2359.0 1831.0 160.0 untur a prima coniugatione et ad quartã ple

1078.0 2491.0 1880.0 136.0 rũq; redeunt. et una syllaba crescunt a genetiuo

1082.0 2616.0 1869.0 143.0 nominis. ut punio. superbio. custodio. gestio . in

1071.0 2717.0 1904.0 164.0 eptio. qđ in uerbis prime coniugationis a nomini

1092.0 2839.0 1873.0 164.0 b; deductis ñ solet euenire. nã positio uerbi siue

1078.0 2940.0 1894.0 185.0 quelibet consonans sit ante o siue i uocalis a quacũ

1082.0 3076.0 1841.0 170.0 q; terminatione nominis ueniat. syllabas solet

1082.0 3194.0 1911.0 178.0 genitiui nominis seruare. ut turba. turbo turbas

1092.0 3319.0 1953.0 174.0 nuntius. nuntio nuntias. ulcus ulceris ulcero ulceras.

1092.0 3448.0 1970.0 192.0 spes. spero speras . tantũ quarte declinationis nomina
