3408 4174
967.0 521.0 1908.0 157.0 uapulo as. excepto colo is quod etiam o breuem hab& quod ad culturam

981.0 643.0 1957.0 163.0 pertinet, Nam percolo id est defoeco qđ ο. longam hab& primae ẽ

978.0 775.0 1956.0 160.0 coniugationis; et a nomine qđ ÷ colum compositum, qđ significat.

974.0 890.0 1950.0 188.0 instrumentum rusticum. unde uirgilius in primo liƀ. georgi

967.0 1022.0 1939.0 174.0 con pluraliter dixit colaq: prelorum, Excipiuntur similiter oc

967.0 1158.0 1971.0 142.0 culo occulis consulo is ex quo consul nomen deriuari prediximus

957.0 1273.0 1960.0 201.0 et ad differentiam uerbi qđ ẽ primae coniugationis uolo as. uer

960.0 1412.0 1960.0 160.0 bum anomalum uolo uis et ab eo composita malo mauis, nolo non uis.

953.0 1516.0 1946.0 184.0 & molo molis, unde oratius compositum drx̃ in liƀ .i. sermonum;

946.0 1648.0 1974.0 150.0 Non alie(na)s per molere uxores. lic& immolo as primae ẽ, ut uirgilius.

950.0 1770.0 1953.0 139.0 in liƀ x. aeñ lapsumque sup̃stans immolat ingentiq: ũbra tegit s;

950.0 1888.0 1904.0 132.0 a moli molis uerbo primitiuo unde compositum permolo is. permolere

950.0 1993.0 1918.0 170.0 unde nomen diriuatur mola, ut est ipsam q; molam manibusq: piis

953.0 2132.0 1925.0 167.0 portans, uirgilo liƀ .iiii. & a nomine mola fit uerbum primę coniu

953.0 2243.0 1894.0 139.0 gationis conpositum diriuatum a nomine seruans. coniugationem,

946.0 2351.0 1915.0 156.0 ut immolo as, Consonante quacumque antecedente ł duabus .l.

939.0 2469.0 1957.0 164.0 tertiae magis inueniuntur coniugationis cum primitiua sunt; ut

946.0 2577.0 1943.0 174.0 fallo uello tollo percello excello. quod etiam excello antiqui dixerunt,

953.0 2702.0 1957.0 160.0 psallo is grecum ut salustius ĩ catilinario, psallere & saltare eligan

943.0 2807.0 1921.0 170.0 tius ꝙ necesse erat. ꝓbe oratius epistularum. liƀ.i. psallimus

943.0 2928.0 1918.0 174.0 & saltamus achiuis diutius iunctis. pello is id ÷ trudo unde

946.0 3057.0 1911.0 177.0 componitur appello is, NAm quod ad salutationem pertinet

957.0 3186.0 1883.0 198.0 lic& simplex non facile inuenit tamen. inconpositione diffe

964.0 3304.0 1939.0 177.0 rentię sensus causa prime est coniugationis, Ut appello as; bello

960.0 3422.0 1859.0 174.0 autem as uallo. scintillo uacillo stillo. & a nominibus bellum
