3364 4186
1839.0 238.0 164.0 187.0 31

460.0 561.0 1801.0 150.0 causa mutet coniugatio. producta quidem

464.0 662.0 1779.0 178.0 penultima t̃ertiae educo .is. correpta autẽ

467.0 781.0 1832.0 181.0 penultima . primae educo. cas. ld est nutrio

460.0 910.0 1801.0 174.0 non extraho ut uirgilius in liƀ x. Quattuor

464.0 1015.0 1818.0 181.0 hic iuuenes totidem. quos educat ufens. Qđ

436.0 1151.0 1804.0 153.0 a nomine dux ducis posse fieri. prediximus

450.0 1283.0 1828.0 150.0 et manduco cas licet a duco is uerbo uidetur com

443.0 1412.0 1793.0 154.0 poni. tamen cum nomine compositum quasi

443.0 1534.0 1811.0 164.0 manum a do s̃ duco iure prima eẽ intellectus

446.0 1656.0 1822.0 164.0 autẽ diferenciae solet int̃dum et in simplicita

443.0 1796.0 1811.0 143.0 te uerborũ mutare coniugatione ut dico

446.0 1911.0 1797.0 129.0 cas et dico is mando is.mando as. fundo is.

453.0 2002.0 1804.0 160.0 fundo aſ. sic̃ sero quidem seras a nomine qđ ẽ

436.0 2127.0 1842.0 175.0 haec sera lic̃ correprta penultima. et lego. as

432.0 2263.0 1825.0 164.0 ꝓducta penultima primae s̃ ut a nominibus

439.0 2413.0 1822.0 143.0 sera. et lex uenientia; Sero autem. seris

422.0 2525.0 1867.0 157.0 correpta simplicit̃ penultima ex quo profero

425.0 2654.0 1801.0 150.0 et insero fiunt et lego legis unde et diligo

429.0 2759.0 1772.0 157.0 et sublego componunt᷑ differentie causa

432.0 2856.0 1815.0 185.0 ut primitiua t̃iae s̃; Pello quoque. las. quod

439.0 2986.0 1853.0 156.0 simplex in usu ñ ẽ unde compello. lis primę ẽ

439.0 3101.0 1825.0 157.0 Pello autem .is. ex inpello lis depello. lis.

432.0 3223.0 1822.0 146.0 t̃tiae s̃. s, uolo uis et uolo uis intellectus

425.0 3341.0 1843.0 164.0 causa diuersas c̃iugationes meruer̃. Sono enĩ

422.0 3484.0 1800.0 168.0 as et. sonis. unde sonere infinitiuũ. Crepo
